4560 6172
509 553 551 616 56

508 727 541 781 τδ
565 719 666 781 καλόν
688 743 714 780 τι
738 721 861 780 παθεῖν
882 723 934 783 τοῦ
958 720 993 782 έν
1020 719 1210 802 ἀνθρώποις
1240 722 1407 786 καλλίστου
1432 763 1467 772 -
1494 727 1548 784 καὶ
1571 721 1626 783 διά
1651 719 1656 806 ἡ
1683 721 1770 783 τοῦτο
1793 729 1857 793 τοῖς
1879 727 1959 782 πᾶσι
2046 719 2105 786 5ολ

509 821 705 905 προσφιλοῦς
730 858 769 869 -
793 819 989 895 ἀκολούθου,
1012 822 1091 903 ύπέρ
1114 820 1154 888 ού
1173 825 1249 886 τάδε
1271 824 1439 907 γράφεται,
1463 827 1530 888 κατ’
1551 822 1681 905 ἐντολήν
1704 821 1799 886 αὐτοῦ
1812 827 1866 884 καὶ
1882 822 2085 906 παράκλησιν
2092 850 2104 900 ,·

510 922 560 1010 *ρί
581 927 686 998 καλῶς
708 921 849 1008 ποιήσεις
870 924 1070 1006 προσσχών*,
1093 931 1147 988 καὶ
1168 920 1381 1007 χαρισάμενος
1403 927 1494 989 ἀπαν
1516 928 1550 989 τδ
1574 928 1653 988 κατά
1667 919 1804 1008 Ιγνώμην
1825 925 1926 1008 αύτῷ·
1949 925 2031 987 αίτεῖ
2044 927 2107 1006 γὰρ

508 1027 602 1090 οδδὲν
631 1033 694 1090 τῶν
722 1024 893 1090 ἀδυνάτων
924 1029 1142 1110 ἡφορτικιῦν,
1177 1029 1262 1093 ἀλλά
1293 1035 1349 1113 τήν
1379 1034 1441 1092 τῶν
1472 1031 1597 1093 οἰκείων
1628 1030 1786 1090 οίκείωσιν
1815 1029 1897 1107 πρὸς
1918 1032 1953 1090 σέ
1974 1032 2030 1090 τὸν
2051 1033 2106 1088 καὶ

508 1131 615 1204 ἄλλως
635 1132 758 1204 οίκείως
779 1135 852 1211 περὶ
872 1133 909 1191 τὰ
933 1130 1017 1191 καλά
1041 1130 1252 1210 διακείμενον.
1297 1133 1359 1195 4τό
1380 1136 1405 1195 ό
1428 1131 1484 1198 οῦν
1514 1132 1600 1194 ἀλλα
1629 1134 1684 1194 τόν
1711 1131 1818 1212 ἀνδρα
1851 1137 1902 1211 τῆς
1923 1130 2104 1213 πρεπούσης

509 1233 649 1308 ἀξίωσον
672 1234 782 1305 αίδοῦς
804 1236 859 1294 καὶ
876 1236 982 1314 τιμὴς,
1015 1237 1070 1295 καί
1092 1233 1139 1296 ότι
1161 1237 1194 1296 τό
1219 1239 1299 1298 καθ’
1322 1235 1405 1318 ἡμᾶς
1427 1240 1515 1301 τοῦτο
1536 1239 1619 1314 μέγα
1642 1241 1776 1313 πρᾶγμα
1798 1239 1851 1294 καί
1874 1225 2104 1306 σπανιώτατον,

509 1343 564 1418 τὴν
596 1337 676 1415 πρός
706 1333 850 1418 ἀλλήλας
877 1339 958 1417 φημί
989 1339 1052 1398 τόν
1082 1335 1239 1420 ἡμετέρων
1268 1347 1384 1421 ψυχαῖν
1408 1378 1446 1388 -
1485 1339 1571 1403 ἀλλά
1600 1341 1668 1410 πώς
1697 1340 1741 1397 ἀν
1769 1337 1871 1398 εἰπεῖν
1892 1360 1920 1398 τι
1942 1339 2105 1417 προσφυὲς

510 1438 701 1522 δυνηθείην,
724 1474 767 1484 -
799 1437 834 1499 ἐκ
857 1437 967 1519 φιλίας
988 1441 1102 1502 ἕνωσιν
1134 1445 1188 1502 καὶ
1219 1440 1401 1524 ἀνάκρασιν
1422 1442 1465 1516 ὡς
1487 1442 1635 1522 ἀγχίνους
1655 1440 1693 1501 τά
1717 1442 1824 1501 πάντα
1847 1446 1901 1501 καὶ
1925 1441 2026 1518 σοφός
2048 1436 2105 1504 οῦκ

509 1541 676 1624 η’γνύησεν·
702 1539 798 1612 5ιόςτε
820 1542 952 1613 πείθου,
983 1545 1038 1601 καὶ
1060 1542 1151 1605 δίδου
1174 1542 1229 1605 διά
1248 1545 1351 1607 πάντα
1367 1547 1422 1626 τὴν
1436 1535 1540 1625 χάριν,
1563 1550 1603 1607 ίν’
1622 1547 1706 1625 ἔχοις
1725 1550 1778 1606 καί
1797 1541 1890 1615 αῦτῦς
1904 1541 1961 1604 ούκ
1977 1543 2106 1605 ἔλαττον

510 1643 649 1726 ήδεσθαι
679 1644 715 1730 τῇ
741 1665 772 1703 τε
802 1643 1000 1722 κατορθώσει
1029 1647 1084 1709 τοῦ
1112 1643 1245 1720 ἀγαθοῦ
1274 1652 1327 1708 καλ
1353 1653 1389 1735 τή
1420 1653 1579 1729 μαρτυρίᾳ
1601 1652 1655 1731 τῆς
1676 1648 1891 1728 συνειδήσεως.
1940 1646 2106 1711 6τοσοῦτον

509 1753 569 1828 μὲν
599 1748 632 1810 τό
664 1745 833 1828 ἡμέτερον,
864 1744 934 1807 ἐπεὶ
962 1749 1038 1824 παρ’
1072 1746 1163 1831 ἡμιόν
1194 1749 1288 1814 οὐδὲν
1321 1751 1421 1812 πλέον
1452 1750 1469 1812 ό
1503 1750 1584 1834 ἀνὴρ
1617 1750 1797 1832 ἐπεζήτησε·
1834 1752 1868 1812 τὸ
1900 1749 1936 1812 δέ
1966 1754 2019 1832 τὴς
2050 1752 2106 1831 σὴς

510 1850 723 1931 ἀδελφότητος
744 1846 903 1926 δψόμεθα
927 1847 1054 1923 πάντως
1075 1850 1130 1915 ούκ
1151 1852 1196 1925 είς
1217 1854 1359 1932 μακράν,
1385 1854 1414 1915 εί
1433 1855 1475 1935 μή
1500 1852 1777 1935 προαπέλθοιμεν,
1800 1855 1855 1913 καί
1867 1875 1901 1926 γε
1919 1853 2107 1913 τελεώτατον

510 1955 632 2034 ίδοιμεν
655 1956 707 2013 καὶ
730 1948 807 2012 ὅσον
828 1951 846 2032 ἡ
869 1951 959 2023 ἐλπίς
982 1951 986 2036 ἡ
1009 1952 1171 2029 ἐγγυᾶται,
1205 1957 1244 2038 ἡν
1266 1957 1301 2017 ἐν
1322 1956 1433 2039 μηδενί
1455 1961 1662 2034 καταισχῦναι
1683 1956 1764 2038 μηδὲ
1785 1953 1962 2036 προδοῦναί
2048 1954 2106 2018 51¹

510 2078 568 2120 σου
590 2059 644 2139 τὴν
665 2053 835 2131 εόγένειαν,
859 2056 911 2134 τὴς
933 2054 1011 2134 παρ’
1033 2053 1122 2136 ἡμῶν
1143 2053 1233 2137 εῦχὴς
1254 2059 1288 2119 τό
1310 2058 1500 2140 κεφάλαιον.

599 2162 694 2228 108.
718 2162 755 2219 θ.
780 2155 879 2238 1Ὀψὲ
899 2160 959 2237 μέν
982 2162 1036 2218 καὶ
1056 2159 1150 2238 μόλις
1173 2165 1226 2220 καὶ
1246 2164 1298 2242 τής
1320 2161 1451 2234 ἐλπίδος
1472 2161 1675 2242 βραδύτερον,
1698 2162 1866 2243 ἐπανὴλθε
1889 2160 1918 2221 δ’
1942 2158 1998 2223 σύν
2019 2158 2106 2237 ὅμως

512 2246 720 2343 δ’πεμφθείς
751 2277 800 2322 σοι
829 2260 918 2338 παρά
949 2259 1019 2332 τοῦς
1047 2262 1250 2343 πέμψαντας.
1297 2263 1412 2343 2χάρις
1441 2267 1547 2327 τοίνυν
1568 2264 1669 2347 πολλὴ
1706 2270 1759 2327 καί
1790 2269 1843 2347 τῆς
1865 2263 2032 2344 ύτεδήποτε
2052 2263 2106 2324 τοῦ

512 2365 631 2443 ἀνδρὸς
651 2359 829 2425 ἐπανόδου·
862 2363 898 2423 τά
922 2365 975 2443 τῆς
996 2358 1157 2438 ἀπουσίας
1177 2364 1239 2443 γὰρ
1262 2364 1500 2447 κατορθώματα
1523 2371 1719 2446 θαυμαστῶς
1746 2365 1822 2451 ἡμῖν
1844 2362 2049 2446 ἀνεπλήρωσε
2070 2366 2104 2424 τό

511 2474 564 2552 τὴς
585 2464 777 2546 βραδυτῆτος
797 2464 972 2546 ὑστέρημα,
1006 2459 1053 2526 όν
1080 2469 1137 2538 τὰς
1157 2466 1338 2541 ἀποδείξεις
1359 2478 1474 2551 σαφεῖς
1495 2469 1562 2530 ἀπὸ
1586 2469 1745 2533 πλειόνων
1767 2472 1959 2551 παρέστησε,
1992 2469 2105 2547 μεστὴν

511 2576 571 2654 μέν
592 2571 646 2653 τὴν
668 2579 757 2650 χεῖρα
779 2566 901 2639 δεικνύς
922 2565 1177 2646 πολυσυλλάβων
1197 2574 1292 2632 τινών
1313 2575 1367 2632 καί
1389 2570 1586 2650 πολυστίχων
1607 2574 1820 2653 γραμμάτων,
1851 2572 1964 2652 μεστήν
1993 2570 2029 2631 δὲ
2050 2569 2107 2650 τὴν

512 2677 652 2753 γλῶτταν
673 2677 726 2735 καί
748 2672 782 2734 τδ
804 2667 906 2749 στόμα
929 2670 1038 2750 φέρων
1060 2668 1270 2754 διηγημάτων,
1294 2669 1340 2735 ὤν
1359 2673 1394 2736 τό
1417 2674 1581 2756 κράτιστον
1601 2678 1697 2755 μέρος
1715 2673 1751 2737 αἱ
1766 2674 1939 2757 ὑπερφυεῖς
1953 2670 2107 2755 εὐφημίαι

512 2783 566 2841 καὶ
593 2780 657 2840 τόν
683 2775 847 2853 ἐγκωμίων
876 2772 910 2834 τδ
933 2769 1088 2853 πλῆθος,
1121 2776 1144 2835 ἀ
1175 2775 1333 2849 πλουσίως
1362 2775 1427 2860 ῥέει
1457 2781 1510 2838 καὶ
1540 2775 1687 2850 ἀεννάως
1707 2775 1787 2858 ὑπὲρ
1808 2779 1860 2841 τού
1882 2779 1934 2857 τὴς
1955 2773 2106 2857 ἡμετέρας

513 2879 667 2963 πατρίδος
687 2877 839 2960 ἡγεμόνος
860 2880 916 2937 καὶ
937 2876 1099 2957 ἄρχοντος.
1145 2877 1291 2958 θμᾶλλον
1322 2878 1359 2941 δὲ
1387 2882 1492 2953 κακεῦς
1521 2878 1732 2963 ιῖπεμνήσθην
1753 2880 1823 2961 ἀμα
1847 2879 1948 2956 λέγων
1969 2879 2032 2943 ῦπδ
2054 2880 2107 2942 τοῦ

514 2986 619 3061 λόγου.
647 2985 701 3044 καί
728 2985 778 3043 σοὶ
805 2973 906 3041 τᾶλλα
936 2982 1062 3062 παρείς,
1093 2983 1146 3062 τῆς
1174 3005 1205 3043 τε
1235 2984 1310 3055 νέας
1345 2980 1445 3066 ἀρχῆς
1474 2987 1528 3044 καὶ
1558 2987 1611 3064 τὴς
1639 2981 1780 3059 μείζονος
1812 2980 1922 3065 ταύτης
1950 2981 2106 3065 ἐπαρχίας

514 3087 711 3171 συνήδομαι·
734 3082 835 3148 οὐκέτι
854 3085 916 3164 γάρ
937 3082 1175 3164 Παφλαγόνων,
1198 3083 1283 3146 ἀλλά
1301 3084 1553 3168 Μαρυανδηνιῦν
1564 3082 1704 3167 ἡγεμόνα
1717 3103 1750 3147 σε
1761 3084 1898 3170 κληὴτέον
1909 3089 1964 3145 καὶ
2049 3084 2108 3151 512

514 3193 687 3273 νομιστέον.
732 3186 799 3248 *ἐῶ
827 3185 889 3266 γάρ
920 3186 1022 3247 είπεῖν
1051 3184 1098 3247 δτι
1123 3185 1352 3266 Παφλαγόνων
1381 3192 1435 3248 καλ
1465 3187 1544 3252 οὕτω
1566 3187 1635 3249 κατ’
1656 3185 1747 3251 οῦδὲν
1770 3188 1913 3264 ἔλαττον,
1943 3188 2013 3269 ἀμα
2034 3191 2106 3269 μέν,

515 3296 562 3358 ότι
595 3295 703 3354 κοινὸν
733 3287 925 3370 ἀμφοτέροις
958 3293 990 3350 τό
1025 3292 1077 3369 τὴς
1109 3293 1321 3371 προσηγορίας
1353 3300 1418 3364 τοῖς
1447 3290 1590 3370 ἔθνεσιν,
1626 3288 1696 3371 ἀμα
1726 3279 1763 3353 δἸ
1784 3290 1830 3353 ὅτι
1853 3296 1906 3352 καλ
1928 3291 2058 3364 τούτους
2076 3287 2107 3352 οἳ

515 3398 704 3479 ἀκραιφνεῖς
725 3390 814 3473 ἡμεῖς
832 3391 1047 3475 Παφλαγόνες
1066 3389 1108 3463 ὥς
1126 3390 1265 3465 ἐκείνους
1280 3392 1531 3474 έξοικειούμεθα.
1555 3392 1684 3477 ’ίπλὴν
1700 3393 1773 3456 ἀλλ’
1791 3394 1869 3458 οὕτω
1881 3417 1936 3473 μοι
1952 3395 2108 3475 πρόβαινε

515 3504 595 3583 πρὸς
617 3499 654 3561 τά
676 3493 770 3576 μείζω
793 3498 846 3555 καί
867 3493 1052 3577 τελειότερα,
1086 3491 1136 3554 ἀεὶ
1164 3496 1203 3556 τά
1233 3494 1378 3575 παρόντα
1398 3499 1461 3558 τεῦν
1488 3495 1670 3575 μελλόντων
1697 3496 1846 3575 ἐπίβασιν
1866 3498 1903 3559 έν
1924 3497 2010 3570 τάξει
2033 3518 2108 3559 ποι-

515 3607 656 3684 ούμενος,
680 3603 734 3660 καὶ
756 3599 822 3660 ἀπό
845 3599 907 3660 τόν
928 3595 1086 3679 ἡμετέρων
1106 3597 1151 3670 είς
1172 3599 1210 3659 τά
1232 3597 1366 3681 ἡμέτερα
1390 3635 1427 3646 -
1453 3601 1588 3660 οἴκοθέν
1602 3616 1703 3681 φασιν
1714 3600 1822 3663 οίκαδε
1844 3638 1888 3648 --
1907 3603 2108 3679 μεταβαίνων

516 3707 652 3777 ἐνδόξως
675 3699 693 3763 ὁ
716 3703 770 3762 τοῦ
792 3701 873 3760 θεοῦ
894 3703 948 3759 καὶ
970 3697 1126 3780 ἡμέτερος,
1148 3705 1203 3762 ίνα
1226 3705 1280 3761 καί
1301 3700 1392 3784 ἡμῶν
1413 3704 1446 3763 τό
1463 3700 1648 3785 δυσκίνητον
1671 3740 1709 3752 ·-
1734 3704 1823 3786 ήκαί
1838 3703 1940 3786 πάντη
1961 3703 2108 3785 ἀκίνητον

516 3847 558 3859 ..
578 3812 620 3892 τῷ
644 3803 793 3883 εύκινὴτῳ
815 3807 867 3882 τῆς
889 3805 944 3883 σής
965 3801 1143 3884 ἐπιφανοῦς
1162 3809 1323 3885 προκοπῆς
1345 3807 1642 3886 συμπεριφέρεσθαί
1662 3829 1730 3878 πως
1753 3805 1872 3887 δοκοίη,
1905 3811 1959 3865 καὶ
1982 3810 2033 3888 της
2054 3807 2109 3868 έπί

515 3917 610 3994 τούτῳ
641 3926 689 3968 σοι
720 3904 814 3986 δόξης
843 3908 897 3965 καί
925 3907 1028 3985 χαράς
1056 3908 1238 3988 κοινωνοίη,
1274 3905 1312 3988 ἡν
1347 3904 1365 3967 ό
1396 3907 1498 3987 κύριος
1526 3910 1579 3988 τῆς
1607 3906 1703 3989 δόξης
1729 3908 1782 3970 ἐπὶ
1810 3906 1912 3970 πλέον
1933 3913 1985 3967 καί
2009 3906 2108 3970 πλέον

516 4008 784 4092 ένδαψιλεῦσαιτό
816 4025 874 4068 σου
906 4008 943 4093 τῇ
975 4007 1137 4090 τιμιότητι,
1172 4014 1225 4068 καὶ
1254 4008 1404 4071 τελευταῖν
1424 4011 1470 4083 είς
1486 4013 1543 4092 τὴν
1563 4008 1675 4074 ἑαυτοῦ
1695 4026 1728 4071 σε
1749 4012 1914 4091 μακαρίαν
1935 4012 2041 4090 χαράν
2065 4048 2110 4059 -

517 4121 571 4183 ἀτε
594 4115 706 4179 δοῦλον
728 4108 838 4173 πιστόν
860 4113 915 4170 καὶ
936 4106 1068 4184 ἀγαθδν
1102 4148 1135 4158 -
1170 4111 1336 4186 είσαγοίγοι
1360 4114 1437 4192 μετά
1469 4110 1577 4186 δεξιάς
1606 4116 1661 4173 καὶ
1687 4112 1834 4194 τοιαύτης·
1853 4117 2028 4193 μαρτυρίας
2055 4117 2110 4174 καί

517 4220 730 4302 ἀναρρήσεως.

605 4322 699 4392 109.
722 4344 744 4380 ι.
769 4315 902 4379 1Ἀλλοο
923 4320 983 4396 μὲν
1005 4315 1086 4377 ἀλλο
1108 4319 1271 4399 γνώρισμα
1294 4321 1348 4378 καὶ
1368 4319 1479 4393 γένους
1507 4321 1562 4379 καί
1584 4314 1784 4395 ἀξιώματος,
1817 4317 1926 4382 τοῦδέ
1949 4323 2003 4384 νῦν
2023 4320 2109 4397 εὐγε-

518 4434 588 4502 νοῦς
619 4449 649 4488 τε
681 4428 734 4485 καὶ
758 4422 762 4508 ἡ
787 4423 890 4504 σοφοῦ
920 4419 1210 4501 παραθαλασσίων
1232 4421 1374 4505 πρᾳότης
1395 4427 1428 4484 τδ
1451 4419 1704 4502 γνωριμώτατον,
1749 4419 1836 4483 λάπδ
1859 4428 1968 4504 ταύτης
2053 4425 2111 4490 52¹

518 4531 572 4598 οῦν
593 4529 742 4608 ἀξιοῦμέν
763 4545 807 4601 σε,
830 4528 885 4586 καὶ
907 4534 970 4598 τοῖς
992 4523 1073 4585 καθ’
1093 4521 1177 4604 ἡμᾶς
1198 4523 1409 4604 γνωρίζεσθαι
1433 4526 1634 4607 πράγμασιν,
1665 4521 1750 4585 ἀλλά
1773 4524 1815 4607 μὴ
1838 4523 2017 4589 τούναντίον
2039 4526 2106 4591 ἀπδ

518 4635 719 4717 τραχύτητος,
750 4627 860 4709 ἐπειδὴ
891 4632 944 4689 καὶ
970 4629 1004 4690 τὸ
1036 4632 1143 4706 πρᾷον
1183 4626 1219 4688 έν
1251 4636 1315 4700 τοῖς
1344 4628 1504 4710 πρώτοις*
1532 4624 1589 4706 (ἀς
1611 4625 1726 4699 οίσθα)
1754 4629 1817 4687 τόν
1849 4629 2111 4709 μακαριζομένων

518 4737 708 4820 ήρίθμηται·
732 4728 778 4794 ἀν
800 4728 904 4811 πολλή
925 4752 970 4802 τις
991 4728 1081 4803 έλπίς
1104 4729 1288 4812 ἀξιωθῆναι
1310 4735 1366 4792 καὶ
1387 4735 1431 4807 σέ,
1454 4730 1502 4794 ότι
1523 4747 1557 4792 σε
1578 4728 1776 4808 βουλόμενον
1800 4732 1890 4809 ἴσμεν
1912 4732 1947 4793 ἐκ
1970 4731 2111 4795 καλοκά-

591 4877 603 4923 3
622 4857 689 4910 Petr
706 4860 724 4922 β
743 4871 764 4916 ι,
784 4870 814 4919 19
829 4853 834 4915 Ι
850 4869 864 4918 7
884 4851 955 4904 Rom
974 4868 1024 4918 5‚5
1043 4853 1047 4920 Ι
1063 4871 1077 4918 7
1096 4854 1261 4920 κιφαλαινον
1279 4854 1473 4922 apographum
1489 4852 1493 4923 ἡ
1509 4871 1522 4920 5
1543 4853 1704 4908 Matthaeus
1722 4872 1760 4921 κς,
1777 4874 1805 4908 21
1823 4855 1827 4926 ἡ
1844 4876 1858 4908 2
1877 4855 2038 4910 Matthaeus
2055 4874 2079 4923 ς,
2097 4875 2110 4924 ς
