4560 6172
495 556 538 618 72

498 720 732 804 α’πετόλμησαν.
779 719 848 793 λοίς
871 719 956 783 δοκῶ
980 741 1034 796 μοι
1058 722 1126 790 τοὺς
1148 719 1275 804 ὕστερον
1299 722 1342 792 ὥς
1357 720 1496 803 α’νδράσι
1518 724 1621 793 θείοις
1637 722 1853 793 πιστεύσαντες
1867 718 2095 784 τῶντοιούτων

496 823 594 904 αὐτήν
618 824 856 903 πολιτευμάτων
879 824 1047 902 άπείρξαι,
1081 823 1115 884 ἐκ
1138 825 1302 886 τῶνκαθ’
1325 823 1408 904 ύμάς
1430 825 1513 904 τάχα
1538 825 1576 907 δή
1600 825 1773 908 ῥωμαίκαίν
1796 824 2032 903 θεσπισμάτων,
2067 824 2092 883 δι’

494 931 527 990 τδ
550 932 637 1010 βῆμα
660 938 724 999 τοῖς
747 937 858 1008 πηροϊς
880 925 1052 991 α’ποκλείει.
1099 927 1200 988 8δι’στε
1229 928 1344 1007 φείδου
1371 951 1426 1005 μοι
1458 934 1512 989 καὶ
1544 931 1581 992 σύ
1610 935 1673 992 τῶν
1694 930 1847 1010 ἐπαίνων,
1881 924 1924 999 ὠς
1958 928 2000 1008 μή
2030 932 2094 988 τῶν

494 1032 550 1096 δύο
573 1034 606 1093 τδ
629 1035 743 1113 ἕτερον,
767 1033 787 1113 η“
808 1030 962 1093 άπίθανα
987 1031 1095 1105 δύξοις
1117 1031 1331 1112 ἐγκωμιάζειν,
1362 1035 1382 1114 η*
1411 1035 1497 1096 τοῦτο
1529 1031 1676 1096 σπεύδων
1706 1041 1834 1112 φυγεῖν,
1870 1031 1915 1101 είς
1950 1028 2032 1091 άλλο
2063 1052 2090 1090 τι

499 1147 604 1217 χεῖρον
628 1135 838 1214 άπενεχθείης
861 1134 971 1207 κακόν,
1002 1134 1108 1214 ὥσπερ
1131 1133 1162 1197 οἳ
1183 1143 1218 1224 τῇ
1243 1135 1369 1224 Σκύλλῃ
1391 1140 1427 1223 τῇ
1449 1140 1573 1223 μυθική
1597 1139 1835 1213 περιπίπτοντες
1858 1134 1923 1196 δέει
1945 1138 1987 1216 τῷ
2010 1136 2091 1213 πρδς

497 1243 552 1322 τήν
574 1238 760 1319 Χάρυβδιν·
784 1235 929 1319 α’νάγκην
951 1240 1012 1316 γάρ
1034 1241 1113 1311 ἕξεις
1134 1238 1169 1299 ἐκ
1191 1243 1246 1303 τού
1268 1237 1398 1318 σφόδρα
1423 1243 1585 1315 περιέπειν
1605 1239 1718 1320 φιλίαν
1742 1239 1942 1322 ζημιωθῆναι
1965 1236 2088 1318 φιλίαν,

497 1342 644 1421 ἄντικρυς
666 1340 763 1424 αὐτήν
787 1338 1023 1422 άρνησάμενος,
1058 1346 1113 1402 ἵνα
1135 1344 1190 1423 τήν
1213 1342 1373 1406 ὑπόνοιαν
1395 1341 1507 1426 λύσῃς,
1538 1348 1592 1402 καὶ
1624 1343 1715 1430 δόξῃς
1741 1341 1919 1404 α’δέκαστον
1941 1341 2089 1424 ἐκφέρειν

495 1447 551 1528 τήν
574 1450 691 1527 ψήφου
707 1483 741 1491 -
759 1444 797 1530 ήή
819 1443 945 1514 πάντως
968 1444 1106 1522 ἐφέσεως
1127 1451 1162 1533 τῇ
1186 1447 1283 1522 κρίσει
1306 1443 1408 1526 δεήσει
1432 1443 1474 1517 ὡς
1492 1443 1548 1509 οὐκ
1562 1445 1723 1526 άπταίστῳ
1738 1445 1946 1508 παντάπασιν
2033 1443 2090 1508 78¹

495 1548 561 1625 οὐδ’
584 1548 671 1635 όρθή
687 1549 848 1632 γενομένῃ.
893 1544 954 1618 9ώς
966 1548 1008 1607 σίν
1022 1545 1082 1611 οὖν
1093 1548 1263 1631 μηδέτερον
1276 1547 1402 1635 τούτων,
1425 1546 1511 1608 άλλοί
1535 1554 1588 1608 καὶ
1613 1549 1706 1629 φίλος
1728 1549 1797 1626 ἅμα
1820 1552 1927 1619 πιστός
1955 1549 2009 1608 καί
2038 1546 2089 1608 δι-

495 1653 608 1733 καστής
631 1649 844 1732 άνεπίληπτος
868 1649 1053 1738 διαμείνῃς,
1074 1651 1311 1731 ἐγκρατέστερος
1331 1652 1421 1727 γίνου
1441 1673 1497 1729 μοι
1519 1653 1592 1722 τούς
1613 1652 1692 1732 ὑπὲρ
1715 1657 1779 1715 τῶν
1800 1650 1905 1734 φίλων
1926 1650 2089 1721 ἐπαίνους.

497 1755 523 1794 ¹⁰
533 1757 570 1819 σύ
590 1754 625 1817 δὲ
647 1757 685 1817 τά
709 1755 800 1834 παρά
823 1752 955 1816 πάντων
976 1754 1118 1833 ἐγκώμια
1147 1757 1228 1834 πρὸς
1256 1752 1371 1816 ἑαυτὸν
1402 1753 1562 1830 συλλέγων
1593 1753 1797 1828 α’διαστίκτως
1828 1756 1895 1839 (καὶ
1916 1757 2003 1818 τούτο
2025 1756 2087 1834 γάρ

495 1860 530 1921 ἐκ
551 1862 614 1921 τῶν
637 1859 717 1939 σῶν)
739 1857 775 1919 ἐν
797 1857 908 1939 μηδενὶ
930 1861 1031 1940 καιρῷ
1055 1857 1227 1930 διαλίποις.

584 1963 680 2029 128.
703 1964 760 2024 κθ.
785 1963 988 2040 1Πρόθνμον
1010 1956 1027 2022 τί
1052 1958 1177 2032 πόθος·
1201 1958 1337 2042 δκνηρδν
1359 1958 1376 2041 ή
1401 1957 1569 2022 α’σθένεια.
1592 1959 1786 2040 ἀμφοτέροις
1800 1958 1856 2025 σύν
1879 1960 2088 2042 περιμάχητος

495 2063 512 2127 ύ
536 2067 645 2144 καιρδς
667 2067 719 2146 τῆς
741 2061 886 2144 εὐτυχοῦς
906 2065 1048 2142 ἐντυχίας
1070 2079 1144 2136 σου,
1167 2065 1221 2126 τού
1242 2065 1311 2141 μέν,
1336 2066 1543 2142 παραχρῆμα,
1565 2066 1618 2145 τής
1640 2062 1678 2137 δ’,
1701 2063 1735 2135 ἐς
1764 2062 1862 2136 αὖθις
1884 2070 1938 2125 καί
1960 2063 2088 2143 ὕστερον

494 2150 688 2247 προσελθεῖν
710 2185 760 2230 σοι
782 2166 989 2246 βιαζομένων.
1035 2168 1091 2228 ’τό
1121 2166 1156 2227 δέ
1187 2166 1346 2247 διαιτῆσαι
1377 2165 1596 2248 προσηκόντως
1625 2170 1662 2253 τῇ
1693 2167 1780 2254 μάχῃ
1808 2174 1863 2229 καί
1893 2168 2009 2232 δοῦναι
2039 2170 2082 2247 τῷ

496 2276 644 2351 κρείττονι
666 2274 700 2334 τδ
724 2273 838 2351 κράτος
860 2273 938 2334 κατά
965 2273 1106 2351 θατέρου
1129 2267 1166 2333 ού
1188 2273 1241 2331 τοῦ
1265 2273 1320 2333 σού
1339 2268 1500 2343 Ἰωάννου,
1524 2273 1577 2331 τού
1597 2267 1747 2332 Ἰωάννου
1771 2271 1807 2332 δὲ
1823 2274 1885 2344 σού,
1910 2266 2084 2354 ιβπιστεύω

494 2376 594 2458 μηδὲν
622 2375 792 2436 άδυνατείν
825 2380 888 2436 τῶν
918 2373 1044 2456 καλῶν,
1076 2372 1123 2434 ότι
1153 2376 1278 2452 πνεῦμα
1311 2372 1478 2450 δυνάμεως
1500 2373 1536 2433 ἐν
1558 2377 1608 2434 σοὶ
1633 2383 1785 2449 κατοικεῖ,
1819 2379 1872 2435 καί
1893 2376 1984 2455 χάρις
2008 2378 2089 2438 θεοῦ

494 2480 548 2541 τού
570 2478 710 2542 δυνατοῦ
733 2478 785 2540 ἐπὶ
807 2480 850 2543 σέ,
896 2476 1134 2557 8κατορθύσεις
1156 2475 1191 2537 δὲ
1214 2482 1247 2537 τὸ
1271 2475 1466 2559 ζητούμενον,
1495 2481 1583 2540 τοῦτο
1604 2478 1682 2554 μέν,
1712 2476 1754 2538 δι’
1776 2475 1870 2559 εύχής
1890 2478 1923 2538 τδ
1947 2475 2085 2549 α’σθενές

496 2578 571 2662 ήμίν
592 2580 775 2658 ἐνισχύσας,
804 2583 893 2645 τούτο
923 2581 974 2663 δέ,
1004 2585 1057 2641 καί
1079 2582 1214 2656 βεβαίαν
1236 2578 1402 2652 ύποτείνας
1423 2578 1558 2641 ἐλπίδα·
1588 2578 1635 2641 ὅτι
1658 2598 1715 2641 σου
1737 2582 1883 2643 τοσούτων
1906 2578 2083 2642 α’πολαύσω

496 2690 549 2746 καί
571 2684 668 2756 οὕτως
690 2684 767 2747 ὅσον
788 2706 819 2745 τε
843 2683 847 2770 Ι
872 2688 928 2745 καὶ
948 2683 1037 2756 όπως
1058 2681 1222 2763 ὀρέγομαι,
1249 2684 1344 2765 ἤγουν
1359 2682 1413 2745 ἐπὶ
1428 2681 1575 2744 πλείστου
1590 2687 1643 2743 καὶ
1659 2685 1725 2744 κατ’
1741 2682 1839 2756 ίδίαν,
1862 2683 1941 2763 ὅπερ
2028 2683 2086 2748 78²

495 2788 575 2860 ἔθος
596 2785 733 2867 α’ρχατον
754 2797 823 2859 ταίς
845 2787 987 2863 λογικαίς
1009 2785 1099 2869 ήμῶν
1129 2789 1320 2859 συνουσίαις.
1369 2787 1487 2850 4ταῦτα
1517 2785 1556 2868 δή
1586 2783 1813 2867 χαρισάμενος,
1845 2788 1901 2848 τδν
1932 2787 2085 2868 δμηρικδν

494 2896 596 2952 ίππον
618 2889 694 2969 ὅρα
719 2889 748 2950 εί
776 2887 891 2970 δούν,
916 2888 1001 2952 α’λλδ
1024 2894 1116 2971 χοίρα
1139 2927 1180 2938 -
1203 2889 1240 2954 ού
1263 2893 1299 2975 τή
1322 2887 1430 2975 οἷγωγῃ
1456 2891 1536 2951 κατὰ
1560 2891 1611 2962 σέ,
1649 2892 1684 2976 τή
1715 2889 1750 2951 δὲ
1775 2890 1902 2969 παλαιᾷ
1925 2895 2085 2972 παροιμίᾳ

492 2996 540 3069 Ἐς
562 2996 675 3076 αὔριον
698 2995 735 3057 τά
758 2992 930 3056 σπουδαία.

586 3100 679 3166 129.
704 3097 729 3162 λ.
756 3097 904 3178 1Ἀγαθή
928 3118 991 3159 που
1013 3097 1097 3175 τάχα
1126 3107 1191 3167 τοῖς
1222 3095 1407 3176 πράγμασιν
1438 3095 1614 3178 ἀπαντήσει
1641 3106 1741 3178 μοῖρα
1770 3101 1824 3157 καὶ
1853 3096 1941 3181 τύχη,
1974 3097 2084 3181 ἐπειδή

495 3205 626 3284 χρηστόν
648 3202 682 3262 τδ
705 3210 834 3282 σημεῖον
868 3204 921 3260 καὶ
950 3198 1184 3279 οἷναντιρρήτως
1214 3197 1405 3276 εύάγγελον·
1435 3204 1490 3261 καὶ
1515 3203 1543 3261 τί
1568 3199 1630 3279 γάρ
1661 3202 1703 3261 δν
1731 3198 1933 3283 χρηστότερον
1962 3205 2084 3278 γένοιτο

495 3307 549 3368 τού
572 3307 626 3366 τδν
649 3303 751 3366 καλὸν
773 3301 890 3382 α’στέρα
913 3309 1021 3368 τοῦτον
1043 3303 1134 3378 ίδεΐν,
1159 3305 1213 3365 τδν
1235 3303 1415 3386 άρτιφανή,
1446 3305 1501 3364 τδν
1529 3302 1565 3364 ἐν
1594 3301 1727 3379 γούνασι
1757 3307 1800 3386 τῷ
1829 3303 1897 3389 ἐμῷ
1926 3309 1983 3370 νῦν
2004 3304 2084 3391 ήλίῳ

495 3407 796 3487 παρανατέλλοντα,
828 3410 893 3488 σοί,
927 3412 979 3467 καί
1002 3410 1057 3480 τὰς
1080 3405 1210 3479 α’κτίνας
1232 3405 1364 3489 ὑψόθεν
1395 3405 1455 3489 ήδη
1486 3411 1541 3467 καὶ
1562 3403 1659 3468 αύτὸν
1681 3403 1756 3488 ήμίν
1778 3407 1963 3486 ἐπιβάλλειν
1985 3408 2081 3490 α’ρχύ-

496 3532 610 3590 μενον,
643 3513 705 3571 κάν
734 3516 776 3590 τῷ
807 3507 929 3592 ήλιακῷ
957 3533 988 3570 τε
1017 3514 1071 3570 καὶ
1097 3509 1215 3589 μείζονι
1243 3513 1305 3572 τῶν
1334 3509 1555 3590 α’νθρωπίνων
1585 3507 1700 3590 φοίτων
1731 3516 1812 3590 φωτὶ
1834 3514 1885 3593 τῆς
1908 3511 2084 3598 α’δελφικής

496 3612 716 3695 λαμπρότητος
738 3612 999 3696 ὑπερλάμπηται,
1033 3612 1134 3694 καλήν
1162 3611 1335 3695 ἡττώμενος
1364 3608 1458 3694 ἧτταν
1487 3618 1540 3673 καὶ
1569 3615 1655 3693 νίκης
1684 3609 1734 3694 (εὖ
1756 3612 1844 3696 οίδα)
1868 3615 1972 3698 πάσης
1993 3640 2086 3698 χαρι-

495 3721 634 3800 εστέραν,
664 3717 710 3779 ὅτι
732 3721 786 3778 καὶ
809 3714 1012 3798 φιλάδελφος
1031 3716 1156 3796 μᾶλλον
1180 3719 1200 3798 ή
1221 3715 1374 3796 φίλαυτος
1397 3715 1413 3778 δ
1437 3714 1530 3798 όνήρ.
1576 3714 1649 3776 ’ἐπὶ
1678 3715 1795 3788 τούτοις
1827 3715 1884 3782 ούν
1912 3724 1967 3779 καὶ
1988 3721 2084 3804 συνή-

495 3820 603 3901 δομαι,
628 3827 680 3881 καὶ
704 3818 899 3901 συνεορτάζω
921 3823 957 3906 τῇ
979 3823 1078 3907 χρυσῇ
1100 3817 1250 3899 ξυνωρίδι
1278 3824 1341 3881 τόν
1369 3822 1481 3898 σοφῶν
1503 3841 1533 3880 τε
1567 3822 1620 3878 καὶ
1651 3819 1759 3881 καλῶν
1789 3817 2003 3902 αύταδέλφων
2031 3826 2085 3906 τήν

494 3927 546 4006 τῆς
568 3925 646 3985 καθ’
669 3921 753 4004 ύμᾶς
776 3926 880 3998 οἰκίας
901 3923 1122 4002 εὐδαιμονίαν,
1149 3924 1152 4010 Ι
1178 3926 1273 3984 κοινοί
1296 3945 1326 3983 τε
1349 3925 1386 3984 τά
1409 3928 1471 3984 τῶν
1495 3922 1600 4004 φίλων
1627 3919 1814 4007 ήγούμενος,
1849 3925 1891 3998 ὡς
1921 3926 1941 4007 ή
2028 3930 2085 3994 79¹

494 4051 525 4091 τε
548 4031 705 4106 παροιμία
729 4034 782 4090 καὶ
803 4029 837 4090 τδ
859 4027 958 4102 εἰκός,
975 4034 978 4038 ⁴
993 4030 1047 4088 καί
1077 4022 1175 4088 οίονεί
1203 4048 1274 4087 τινα
1304 4026 1470 4108 παρήορον
1501 4027 1626 4100 ἔξωθεν
1657 4027 1782 4106 δεσμοῖς
1806 4026 1934 4112 α’γάπης
1956 4029 2084 4106 άλύτοις

495 4130 714 4212 παραζευγνύς
736 4130 812 4210 ὑμῖν
834 4132 981 4211 ἐμαυτόν.
1029 4129 1226 4207 θέπεύχομαι
1257 4129 1293 4190 δὲ
1320 4133 1357 4216 τή
1386 4132 1465 4190 καθ’
1497 4129 1581 4211 ήμοῖς
1608 4130 1767 4211 εὐπραγίᾳ
1794 4132 1890 4220 ταύτῃ
1922 4139 1975 4196 καί
1996 4136 2085 4210 τέλος

494 4233 618 4314 εὐτυχὲς
640 4238 693 4295 καὶ
716 4234 922 4318 κατάλληλον,
944 4233 1115 4315 ἐπειδήπερ
1139 4235 1306 4294 καὶτοῦτο
1328 4237 1380 4314 τής
1403 4231 1554 4313 ύμετέρας
1576 4242 1708 4317 σοφίας,
1743 4238 1860 4310 παντός
1889 4241 1961 4315 βίου
1984 4243 2085 4320 πέρας

494 4339 587 4421 δρᾶν,
621 4342 675 4399 καῖ
696 4340 738 4419 μή
762 4343 838 4418 πρὶν
860 4336 1046 4417 συντελέσαι,
1068 4335 1252 4416 μακαρίζειν
1273 4336 1328 4397 τδν
1350 4333 1539 4417 εύροούντα·
1570 4340 1633 4401 κάν
1663 4364 1707 4413 τις
1735 4345 1836 4421 ἕτερος
1864 4340 1965 4403 πάλιν
1997 4341 2086 4405 άντι-

495 4445 674 4525 φθέγγηιαι
697 4441 805 4516 λόγος,
836 4443 986 4505 ἐντεῦθεν
1008 4440 1067 4523 ήδη
1097 4439 1257 4520 μακάριον
1279 4438 1406 4512 είκότως
1435 4439 1543 4502 καλτόν
1572 4443 1627 4503 τδν
1655 4448 1710 4524 τήν
1743 4447 1821 4505 καθ’
1851 4445 1932 4523 ύμάς
1966 4449 2086 4525 σοφίαν

495 4545 609 4629 σοφόν,
633 4554 667 4611 οἳ
688 4547 757 4607 κατ’
777 4545 877 4627 άμφω
901 4549 954 4606 καί
976 4545 1056 4626 πρὸς
1078 4541 1245 4623 άμφότερα
1269 4542 1408 4628 (πνεῦμα
1429 4544 1509 4618 λέγω
1533 4550 1586 4606 καὶ
1608 4550 1729 4627 σάρκα,
1761 4551 1782 4630 ή
1802 4551 1874 4625 βίον
1897 4558 1950 4611 καί
1973 4549 2086 4625 λόγον·

493 4650 522 4712 εί
553 4648 642 4712 δοκεῖ
674 4652 760 4712 τοῦτο
790 4648 929 4732 μάλλον)
968 4649 1035 4710 ἐστέ
1063 4669 1093 4710 τε
1127 4652 1180 4707 καί
1216 4650 1295 4730 είησε
1331 4646 1386 4710 διά
1417 4646 1524 4720 τέλους
1550 4650 1721 4730 μακάριοι·
1755 4653 1865 4715 τούτου
1898 4656 1960 4733 γάρ
1995 4652 2087 4718 οὐδὲν

567 4791 643 4858 30⁰¹
658 4789 796 4860 χρήσιμον
820 4807 871 4859 per
895 4790 1050 4858 scripturae
1076 4789 1273 4858 compendium
1297 4790 1467 4844 Studemund
1486 4789 1490 4860 Ι
1512 4809 1525 4857 3
1546 4792 1689 4845 σννττίίσοι
1708 4790 1750 4856 0¹,
1776 4793 1822 4847 sed
1844 4812 1858 4845 ο
1877 4793 1982 4848 lineola
2002 4796 2089 4850 rubra.

497 4866 621 4927 auctum,
640 4864 682 4917 ita
702 4865 734 4916 ut
753 4861 901 4914 συντελέσαι
919 4861 977 4930 legi
996 4861 1086 4931 possit
1105 4860 1276 4914 θίαδτωαπδ
