4560 6172
1745 584 1788 651 65

281 749 374 816 119.
409 769 438 810 κ.
474 746 556 809 1Ἀεί
576 769 649 828 μοι,
680 747 817 828 σχέτλιε,
848 752 885 813 σὺ
904 747 1136 828 προσπολεμεῖς
1157 754 1212 812 καὶ
1234 753 1390 828 φθονεῖς,
1414 752 1471 815 νῦν
1493 752 1553 828 μέν
1575 749 1718 830 ἐγκαλῶν
1740 751 1785 826 ῶς

191 849 398 930 ἀπράγμονι,
421 853 476 911 καί
497 850 606 913 καλῶν
627 853 683 930 τήν
704 851 837 932 ήσυχίαν
859 854 1065 935 νωθρότητα,
1103 857 1156 914 καὶ
1175 852 1416 934 μισάνθρωπον
1437 856 1471 915 τό
1496 852 1694 935 φιλόσοφον,
1730 860 1785 917 καί

190 958 291 1036 τῦφον
313 956 347 1016 τό
368 953 624 1032 ἀπερίσπαστον,
653 960 707 1015 καί
730 954 824 1019 οῦδὲν
847 953 959 1028 ἀτελῶς
981 955 1064 1017 ἀλλο
1087 959 1108 1038 ή
1128 959 1165 1018 τά
1190 956 1259 1018 ἀνω
1282 959 1367 1019 κάτω
1390 961 1504 1031 ποιῶν,
1538 957 1556 1018 ό
1579 956 1619 1041 δή
1643 957 1781 1035 λέγεται·

187 1061 247 1121 νῦν
269 1057 315 1132 δέ,
341 1059 419 1120 καθ’
442 1056 525 1138 άπερ
549 1055 707 1137 ὀστράκου
728 1061 957 1135 μεταπεσόντος
981 1061 1000 1142 ή
1028 1064 1082 1120 καὶ
1111 1063 1209 1139 κόβου
1235 1063 1495 1142 περιτραπέντος,
1524 1059 1571 1132 είς
1591 1062 1629 1121 τά
1651 1061 1781 1123 ἐναντία

186 1183 226 1241 με
248 1161 385 1233 κακίζων
407 1163 461 1221 καί
483 1162 646 1226 σκῶπτων.
688 1164 797 1227 2τοῦτο
828 1161 867 1245 δή
898 1164 931 1224 τδ
962 1166 1021 1226 νῦν
1049 1165 1222 1242 νεανίευμα
1243 1169 1296 1244 τής
1318 1167 1373 1246 σής
1394 1160 1626 1244 γενναιότητος·
1673 1163 1779 1246 ῶσπερ

188 1266 251 1342 γάρ
284 1263 508 1343 ἐκλαθόμενος
539 1269 600 1329 τῶν
630 1267 736 1330 πάλαι
766 1264 871 1342 λόγων
899 1264 1030 1327 ἐκείνων
1062 1265 1117 1338 οῦς
1148 1264 1305 1338 πολλάκις
1330 1268 1534 1346 μεμφόμενος
1565 1265 1677 1330 ἐποιοῦ
1699 1267 1780 1347 πρός

186 1364 280 1446 ήμάς,
303 1371 356 1427 καὶ
370 1362 467 1428 οἱονεί
481 1369 615 1455 σαοτὸνή
633 1369 802 1452 ἀγνοήσας,
826 1368 909 1450 ήκεις
924 1372 995 1442 νέος
1010 1367 1182 1449 κατήγορος
1195 1368 1249 1431 ἐπί
1269 1373 1430 1451 νεωτέροις
1445 1368 1632 1450 ἐγκλήμασι,
1722 1371 1779 1435 66¹

186 1473 332 1531 τοσοῦτον
355 1470 476 1533 ἐκείνου
498 1475 551 1535 τοῦ
574 1472 736 1555 συνήθους
759 1471 814 1534 οῦκ
837 1472 1054 1550 ἐξιστάμενος,
1084 1472 1162 1534 ὅσον
1191 1471 1402 1552 ἀναστρέφειν
1434 1469 1605 1534 κάνταῦθα
1638 1471 1694 1545 τάς
1716 1478 1779 1534 τῶν

185 1572 383 1651 πραγμάτων
406 1579 631 1656 προσηγορίας,
665 1577 862 1650 δοξοκοπίαν
892 1579 950 1654 μὲν
983 1573 1153 1654 δνομάζων
1184 1577 1239 1657 τήν
1268 1574 1348 1655 πρός
1377 1580 1446 1646 τοῦς
1474 1573 1612 1648 πολλούς
1635 1574 1776 1655 ὁμιλίαν,

185 1675 340 1749 ἐπίδειξιν
362 1675 397 1737 δὲ
419 1684 474 1758 τήν
496 1678 540 1750 είς
562 1682 595 1739 τό
618 1681 718 1757 μέσον
741 1678 925 1752 ἀνάδειξιν,
956 1678 1140 1757 φιλοτιμίαν
1164 1678 1200 1740 δέ
1222 1678 1256 1741 τό
1282 1676 1543 1762 φιλάνθρωπον,
1575 1683 1629 1739 καὶ
1650 1681 1684 1742 τό
1707 1703 1776 1742 κοι-

184 1783 321 1839 νωνικόν
343 1776 639 1860 ἀνθρωπάρεσκον·
664 1782 834 1843 συνελόντα
858 1780 887 1841 δ’
910 1780 1021 1854 εἰπεῖν,
1045 1780 1096 1842 ἐπ’
1118 1778 1227 1844 οῦδενί
1250 1781 1353 1851 δοκείς
1374 1801 1443 1858 μοι,
1467 1777 1494 1842 τό
1516 1784 1690 1862 ἀνθρωπε,
1713 1788 1776 1844 τῶν

184 1880 342 1963 ήμετέρων
365 1880 570 1962 ἀρέσκεσθαι,
593 1883 666 1946 ἀλλ’
689 1884 846 1960 ἐπιμελῶς
867 1883 1042 1962 ἐνεδρεύειν
1062 1885 1194 1946 ἐκαστον
1216 1888 1343 1966 τούτων,
1366 1886 1419 1942 καὶ
1441 1881 1490 1943 ἀεὶ
1513 1887 1555 1967 τῷ
1578 1889 1636 1948 νῦν
1658 1908 1775 1969 φαινο-

182 1987 269 2066 μένῳ
291 1985 456 2066 ἐπιπηδᾶν
478 1992 532 2047 καὶ
555 1986 814 2067 προσμάχεσθαι.
871 1985 978 2046 θάλλά
1002 1988 1044 2069 μή
1068 1988 1105 2049 σύ
1125 2009 1168 2063 γε,
1193 1984 1220 2051 ὦ
1242 1988 1364 2066 ἄριστε·
1395 1990 1502 2069 μηκέτι
1533 1992 1617 2050 ποίει
1646 1987 1773 2069 ὁμοίως,

181 2087 261 2171 μηδὲ
282 2090 353 2160 τοῦς
376 2093 451 2167 πρὶν
473 2090 593 2162 καλοὺς
617 2090 730 2166 λόγους
753 2098 806 2152 καί
830 2090 950 2171 σαφοῦς
973 2090 1112 2160 ἐκείνους
1134 2088 1315 2164 ἀποποιοῦ,
1345 2088 1418 2172 μηδ’
1448 2089 1571 2171 ἔλαφος
1591 2095 1682 2167 γίνου
1705 2116 1773 2155 πα-

182 2191 329 2270 ραδόξως
359 2191 428 2253 ἀντὶ
459 2197 646 2273 παρθένου·
678 2194 747 2256 ἀλλ’
776 2196 864 2272 εἴπερ
895 2194 937 2254 ἔτι
968 2197 1022 2252 καί
1052 2197 1111 2256 νῦν
1141 2191 1160 2253 δ
1189 2190 1285 2264 αῦτδς
1314 2188 1390 2274 ήμίν
1410 2193 1454 2269 εί,
1487 2197 1541 2254 καὶ
1563 2193 1618 2258 ούκ
1641 2194 1774 2275 ἀθρόον

182 2292 365 2375 ήλλοίωσαι,
389 2296 490 2371 ἄναγε
512 2298 629 2359 σαυτόν
650 2297 696 2369 είς
717 2299 755 2358 τά
779 2297 1045 2378 φιλοσοφηθέντα
1076 2313 1126 2357 σοι
1148 2299 1228 2376 πρός
1251 2294 1335 2376 ήμᾶς
1365 2295 1552 2371 πλεονάκις,
1589 2302 1642 2358 καί
1665 2302 1772 2375 γνῶθι

180 2402 234 2459 τὸν
257 2399 402 2478 παρόντα
424 2402 551 2477 καρπὸν
573 2400 640 2462 ἀπδ
663 2404 726 2462 τῶν
747 2404 812 2462 σῶν
834 2401 972 2480 ἐκφῦνια
995 2404 1194 2478 σπερμάτων.
1240 2399 1318 2459 4καὶ
1347 2401 1475 2472 πάντως
1505 2423 1539 2474 γε
1569 2406 1632 2462 τῶν
1655 2401 1713 2466 δύο
1735 2406 1771 2464 τό

181 2503 305 2582 ἕτερον·
328 2504 348 2584 ή
369 2507 485 2566 σαυτοῦ
504 2502 756 2583 προκατάγνωθι
779 2503 1023 2576 καταγινώσκων
1045 2500 1136 2582 ήμῶν
1155 2502 1200 2575 τός
1215 2502 1252 2566 ού
1270 2500 1376 2574 καλῶς
1399 2499 1483 2583 ήμάς
1503 2502 1625 2587 ἐκήπαι-
1712 2507 1770 2571 66²

180 2604 363 2682 δεήσαντος,
400 2609 419 2689 ή
441 2607 557 2669 σαυτόν
579 2607 684 2678 αίτίας
706 2603 817 2687 ἀφείς,
849 2611 902 2665 καὶ
926 2603 1010 2687 ήμάς
1034 2605 1216 2666 συναπόλυε
1238 2639 1280 2653 -
1302 2602 1411 2687 ἐπειδή
1435 2605 1544 2667 καλῶν
1566 2606 1771 2671 διδασκάλων

179 2710 221 2794 (εί
241 2711 284 2792 μή
307 2708 491 2774 τούναντίον
514 2709 623 2792 ζητεῖς)
646 2709 731 2771 καλά
753 2714 791 2771 τά
813 2714 1013 2791 μαθήματα,
1047 2714 1100 2769 καὶ
1122 2712 1155 2769 τδ
1179 2709 1272 2788 ἔργον
1293 2708 1387 2782 ἀξιον
1409 2710 1463 2772 τοῦ
1482 2712 1637 2787 τεχνίτου,
1673 2711 1766 2774 καίό

179 2815 326 2896 μαθητής
349 2817 402 2878 τοῦ
416 2812 606 2887 διδάξαντος
621 2849 664 2861 -
686 2818 741 2874 καί
755 2835 810 2892 μοι
822 2819 953 2892 χάριτας
967 2816 1109 2887 γίνωσκε,
1132 2814 1188 2885 τάς
1202 2814 1342 2894 μέμψεις
1358 2811 1471 2886 λιπῶν,
1496 2811 1542 2874 δτι
1561 2829 1595 2874 σε
1609 2813 1771 2894 μακάριον

179 2915 303 2991 ἔδειξα,
337 2916 382 2988 είς
408 2914 579 2988 ἀκούοντος
608 2913 673 2978 ῶτα
702 2918 775 2988 τοῦς
804 2922 875 2996 περὶ
905 2915 1065 2988 πολιτείας
1093 2916 1206 2989 λόγους
1228 2914 1422 2996 λαλήσαντα.
1468 2915 1642 2994 5κατάβαλε
1664 2920 1770 2979 τοίνυν

178 3023 234 3101 τήν
255 3019 439 3099 είρωνείαν,
469 3017 660 3092 διδάσκαλε,
695 3024 748 3080 καί
769 3023 812 3102 μή
835 3018 914 3096 γέλα
939 3056 973 3067 -
1002 3020 1149 3100 κομψόν,
1180 3018 1208 3079 εί
1229 3019 1271 3100 μή
1295 3021 1402 3090 κακῶς
1421 3017 1539 3090 είκάζω
1561 3057 1605 3067 -
1627 3022 1708 3100 πρός
1729 3025 1768 3083 τά

177 3120 345 3200 λεγόμενα,
370 3120 441 3183 ἀλλ’
466 3117 603 3201 ἀρέσκον
624 3125 684 3185 νῦν
704 3145 739 3199 γε
760 3133 825 3195 τοίς
846 3127 1087 3201 πραττομένοις,
1122 3125 1174 3181 καὶ
1202 3131 1294 3202 χαῖρε
1315 3122 1371 3184 τόν
1393 3122 1517 3202 σπόρον
1539 3143 1596 3186 σου
1619 3123 1769 3207 πληθυν-

181 3227 282 3286 θέντα
306 3224 401 3302 δρῶν,
424 3225 469 3299 είς
490 3229 545 3289 τόν
566 3223 736 3307 τριάκοντα
759 3229 854 3299 τέως·
876 3226 906 3286 εί
927 3224 963 3287 δέ
984 3235 1052 3297 ταῖς
1067 3222 1175 3302 εῦχαίς
1187 3223 1405 3304 ἐπαρδεύσεις,
1428 3223 1592 3288 ἀποδῶσει
1615 3246 1665 3290 σοι
1686 3232 1768 3307 τάχα

179 3333 233 3389 καί
255 3333 310 3390 τὸν
335 3326 505 3410 ἐξήκοντα,
535 3332 615 3409 τάχα
646 3331 682 3391 δέ
712 3335 765 3390 καί
795 3330 850 3392 τόν
879 3328 1003 3391 ἑκατόν.
1059 3327 1154 3389 ίάλλ
1180 3325 1307 3389 ἀπέστω
1331 3327 1460 3408 φθόνος
1482 3331 1535 3392 τοῦ
1554 3327 1661 3404 λόγου,
1684 3330 1769 3393 ἐπάν

177 3433 363 3506 δυναστείας
405 3438 457 3494 καί
487 3432 584 3515 δόξης
612 3432 833 3514 λαμπροτέρας
863 3432 1099 3510 ἐπιλαβοίμεθα
1136 3430 1237 3516 (τοῦτο
1274 3433 1336 3511 γάρ
1371 3427 1407 3491 αἳ
1443 3431 1547 3494 πάλαι
1579 3437 1680 3514 σοφαί
1710 3452 1767 3497 σου

177 3539 346 3598 νουθεσίαι
377 3542 429 3598 καί
458 3536 655 3620 ὑποθῆκαι),
697 3543 749 3596 καὶ
779 3536 994 3614 ἀκουσθῶμέν
1024 3553 1073 3596 σοι
1102 3534 1145 3596 ἔτι
1172 3532 1265 3612 μείζω
1299 3538 1353 3594 καὶ
1385 3534 1554 3615 τελειότερα
1591 3541 1644 3597 καί
1675 3537 1766 3619 παρά

176 3638 360 3717 βασιλεῦσιν
383 3638 489 3712 αὐτοῖς
511 3645 565 3700 καί
587 3639 677 3718 παρά
701 3639 912 3718 πατριάρχαις
935 3637 1123 3717 δυνάμενοι·
1154 3638 1190 3701 σύ
1212 3635 1240 3698 δ’
1262 3635 1380 3714 ἀνέχου
1403 3642 1456 3698 καὶ
1477 3639 1690 3720 μακροθύμει,
1714 3646 1769 3702 καὶ

176 3741 305 3815 πλείους
327 3744 419 3821 εὔχου
441 3741 601 3816 τοιούτους
621 3742 773 3823 μαθητάς
796 3741 800 3827 Ι
826 3760 876 3804 σοι
897 3745 1061 3816 γενέσθαι,
1084 3740 1247 3813 εύπειθείς
1268 3762 1300 3802 τε
1322 3740 1391 3819 ἀμα
1415 3745 1468 3801 καὶ
1485 3741 1621 3815 δεξιούς·
1709 3745 1768 3809 67¹

175 3846 254 3906 αἴτει
277 3845 312 3905 δὲ
336 3850 389 3905 καὶ
411 3847 467 3928 τήν
488 3846 670 3924 μέλλουσαν
692 3843 768 3928 ήμτν
789 3844 953 3919 εὐδοξίαν·
985 3841 1051 3908 οὐδ’
1079 3846 1198 3925 ἐκείνης
1226 3843 1288 3921 γάρ
1321 3843 1508 3923 ἀνεχόμεθα
1532 3845 1695 3919 παντελῶς
1717 3863 1767 3909 σοι

174 3954 416 4029 παραχωρήσαι,
446 3951 508 4009 κάν
531 3948 622 4022 αύτός
644 3948 721 4032 ήμίν
742 3953 794 4030 τής
817 3946 979 4030 παρούσης
1000 3946 1083 4018 όλως
1107 3947 1245 4029 ἐξέστης,
1276 3943 1349 4007 ἀλλ’
1372 3945 1535 4026 ἀρκοῦσαν
1555 3949 1674 4030 μοῖράν
1694 3970 1765 4012 τινα

176 4049 301 4112 κάκεῖσε
324 4049 488 4132 ζητοῦμεν·
525 4051 602 4113 ὥστε
624 4052 857 4134 προμνησαύου
879 4050 1027 4132 κάκείνην
1050 4051 1104 4112 διά
1132 4054 1195 4112 τῶν
1224 4055 1289 4112 σῶν
1320 4046 1395 4132 ήμίν
1424 4057 1625 4132 προσευχῶν,
1659 4052 1764 4135 ῶσπερ

173 4148 283 4233 ταύτης
302 4153 413 4228 ἐγένου
436 4156 491 4217 διά
515 4159 578 4217 τῶν
601 4160 823 4235 παραινέσεων
844 4158 1008 4233 πρόξενος,
1034 4159 1089 4215 ίνα
1112 4156 1276 4232 πανταχοῦ
1297 4151 1401 4235 σαυτῷ
1425 4155 1584 4236 σύμφωνα
1607 4159 1660 4216 καί
1683 4159 1764 4233 πρέ-

173 4278 274 4319 ποντα
299 4256 446 4346 πράττης.
469 4259 570 4338 τύχοις
593 4260 629 4321 δέ
650 4281 706 4338 μοι
728 4264 781 4320 καὶ
804 4261 842 4323 σύ
860 4263 922 4320 τῶν
943 4261 1112 4338 μακαρίων
1134 4255 1276 4318 ἐλπίδων
1297 4275 1366 4319 σου.

260 4363 352 4430 120.
383 4385 434 4427 κα.
470 4363 650 4445 1Ἠρῶτησα
681 4362 768 4438 κάγά
798 4365 852 4423 τόν
882 4364 1022 4439 πατέρα,
1056 4362 1252 4432 δεσποτικαῖς
1274 4358 1430 4436 ἑπόμενος
1452 4359 1678 4438 ύποδείγμασι,
1710 4367 1765 4422 καί

171 4462 274 4527 ἀλλον
297 4465 505 4548 παράκλητον
528 4465 608 4527 ἀνθ’
630 4465 744 4530 ἑαυτοῦ
765 4488 821 4544 μοι
843 4467 1011 4544 παρέσχεν,
1041 4463 1097 4544 ούχ
1118 4470 1173 4526 ίνα
1196 4466 1275 4548 μένη
1302 4464 1378 4541 μεθ’
1400 4460 1491 4544 ήμῶν
1512 4463 1557 4535 είς
1578 4465 1631 4526 τόν
1658 4462 1764 4525 αίῶνα

171 4564 224 4649 (ήν
244 4569 305 4647 γὰρ
327 4569 370 4628 ἀν
393 4587 442 4630 σοι
464 4569 498 4630 τό
524 4569 630 4649 δῶρον
651 4569 769 4651 πλήρες
790 4573 845 4628 καί
865 4568 1001 4642 τέλειον,
1032 4573 1139 4631 τοῦτον
1161 4568 1235 4644 ἔχον
1256 4568 1310 4625 τόν
1331 4566 1468 4646 τρόπον,
1499 4562 1525 4626 ω’
1553 4558 1653 4646 πάτερ
1684 4565 1763 4629 ἀλλε

171 4671 306 4752 ήμέτερε,
330 4671 435 4734 δίκαιέ
456 4697 486 4734 τε
512 4679 565 4734 καί
588 4672 673 4749 ἀγιε·
696 4673 729 4733 τδ
750 4672 811 4749 γάρ
834 4669 958 4753 ἀληθὲς
981 4669 1167 4751 ὁμολογήσω
1190 4674 1245 4730 καί
1267 4665 1470 4748 ἀντόμενος),
1494 4667 1566 4729 ἀλλ’
1590 4674 1644 4729 ίνα
1662 4668 1763 4731 πάλιν

170 4775 328 4858 ἀφέληται
352 4780 470 4854 ταχέως
492 4781 547 4837 καὶ
570 4779 633 4857 πρὸ
657 4778 787 4856 καιροῦ,
819 4775 899 4855 πρός
921 4772 1035 4835 ἑαυτόν
1058 4771 1118 4855 ἀφ’
1140 4771 1230 4853 ήμῶν
1260 4769 1303 4845 ῶς
1332 4772 1367 4834 ἐκ
1396 4770 1602 4850 μεταμελείας
1636 4769 1764 4833 ἀνακα-·

245 4897 456 4952 ιΕδεΙιευίταίτ
477 4896 723 4966 11116156115
746 4897 856 4951 Marcus
874 4917 898 4960 4,
918 4895 997 4964 τοΙτ
1021 4895 1157 4949 Iohannes
1177 4913 1215 4959 14,
1235 4897 1265 4946 τό

1429 5004 1448 5065 9
