4560 6172
360 728 381 794 5
404 730 458 788 καὶ
478 725 602 809 μηδένα
625 726 796 804 στέργουσα
817 731 880 788 τῶν
902 733 1096 810 κεκτημένων

404 828 478 912 μηδ’
501 829 547 902 είς
567 827 655 902 τέλος
677 827 821 911 σρίζουσα
842 829 898 914 τὴν
919 831 1110 911 ὑπουργίαν·

405 934 443 996 οδ
465 935 527 1013 γὰρ
551 937 699 1011 πέφυκας
719 943 783 1004 τοῖς
805 934 910 1012 ἔχουσι
932 939 1132 1016 προσμένειν,

404 1035 455 1097 δεῖ
478 1035 506 1097 δ’
529 1035 674 1113 άμείβειν
696 1033 797 1096 ἄλλον
818 1037 853 1108 έξ
877 1037 979 1100 ἄλλου
1002 1039 1118 1113 θέλεις,

405 1137 658 1209 άποστατοῦντος
680 1137 802 1199 οίκέτου
825 1143 925 1202 κακοῦ
946 1140 1047 1222 δίκην.

343 1241 385 1306 10
406 1245 483 1319 πρὶν
504 1238 561 1301 οὖν
584 1239 713 1322 προδῷς
735 1241 772 1302 οὐ
794 1247 847 1300 καὶ
870 1241 964 1326 λίπῃς
986 1247 1041 1304 τὸν
1064 1241 1229 1327 δεσπότην,
1273 1270 1276 1275 ⁴

404 1338 493 1415 οὗτος
515 1345 549 1403 σέ
572 1342 680 1422 φεύγει
703 1349 882 1423 σωφρονεῖν
905 1342 948 1416 ὡς
970 1345 1133 1423 δραπέτιν.

404 1446 467 1527 πρό
490 1449 544 1509 τού
566 1449 691 1506 παθεῖν
714 1447 804 1506 ἄκων
826 1446 861 1507 δὲ
884 1449 940 1529 τη“ν
962 1448 1018 1527 σὴν
1041 1447 1154 1529 ζημίαν

404 1548 488 1611 ἑκούν
511 1566 544 1609 σε
568 1547 679 1631 ῥίπτει,
702 1553 756 1608 καλ
780 1547 884 1610 λιπών
906 1549 1083 1628 ἀποτρέχει.

407 1650 491 1733 πλην
513 1649 551 1714 οὗ
575 1651 707 1723 πάθους
729 1651 863 1729 άμοιρος
885 1648 951 1716 οὐδ’
975 1655 1079 1713 οἴκτου
1103 1652 1192 1732 δίχα·

344 1755 385 1820 15
407 1753 570 1825 οἰκτίζεται
591 1759 653 1831 γάρ
676 1758 730 1813 καὶ
753 1753 827 1813 λίαν
846 1769 891 1827 σε,
914 1753 1060 1835 φιλτάτη,

407 1853 451 1929 οἱς
472 1861 573 1937 κτῆμα
595 1853 740 1933 τερπνόν,
764 1853 807 1927 ὡς
829 1855 985 1936 πατρηόαν
1006 1855 1122 1930 ἑστίαν,

405 1957 449 2030 ολς
470 1959 505 2019 έκ
528 1962 639 2034 γένους
660 1957 767 2038 δῶρόν
789 1980 820 2018 τε
843 1964 897 2017 καί
920 1958 1037 2039 κλῆρον
1059 1960 1173 2040 μόνην.

406 2067 460 2122 καί
482 2065 536 2137 μοὶ
559 2064 684 2139 στρέφει
706 2062 744 2120 τά
767 2060 937 2138 σπλάγχνα
960 2068 1013 2121 καί
1036 2063 1091 2143 τη“ν
1112 2059 1249 2142 καρδίαν

409 2163 425 2226 δ
449 2164 530 2244 πρδς
551 2165 585 2223 σδ
609 2163 730 2243 θερμός
751 2161 786 2223 έκ
810 2165 983 2243 συνηθείας
1005 2162 1099 2242 ἔρως·

342 2266 386 2330 20
407 2266 445 2329 σδ
465 2267 526 2345 γάρ
548 2265 680 2346 τιθηνδς
701 2267 757 2348 καί
778 2264 900 2345 τροφός
920 2287 986 2344 μοι,
1010 2265 1155 2348 φιλτάτη,

406 2368 444 2431 σύ
465 2367 671 2442 παιδαγωγός
693 2371 746 2426 καί
769 2366 964 2439 διδάσκαλος
983 2370 1084 2449 μόνη·

405 2469 441 2531 έν
464 2475 513 2529 σοὶ
536 2471 657 2540 πόνους
679 2470 796 2550 η’νεγκα
816 2471 957 2547 μακρούς
978 2473 1033 2530 καὶ
1055 2469 1182 2544 κόπους,

404 2572 441 2633 έν
463 2576 511 2632 σοί
535 2572 629 2653 διηξα
653 2563 765 2643 νύκτας
786 2570 968 2651 α’γρύπνους
991 2572 1079 2647 όλας,

404 2676 441 2736 έν
463 2678 512 2734 σοί
534 2674 724 2755 διημέρευσα
746 2662 878 2752 κάμνων
900 2674 935 2736 ἐν
957 2674 1073 2750 λόγοις,

344 2777 386 2842 25
408 2778 479 2848 τούς
499 2779 560 2855 μὲν
582 2776 738 2855 διορθῶν,
761 2776 832 2849 τούς
855 2777 891 2838 δὲ
914 2776 1091 2839 συντάττων
1112 2776 1222 2855 πάλιν,

407 2882 524 2957 κρίνων
545 2882 709 2959 μαθηταῖς
731 2884 785 2938 καί
807 2878 1016 2952 διδασκάλοις
1037 2880 1111 2961 ἔρις,

407 2981 552 3067 Ιέτοιμος
573 2982 619 3041 τόν
641 2979 764 3041 ἅπασιν
785 2980 831 3053 είς
853 2979 1045 3062 α’ποκρίσεις,
1347 2981 1405 3046 21²

406 3087 461 3144 καὶ
483 3085 695 3164 προστειηκώς
716 3093 785 3155 ταῖς
807 3094 950 3163 γραφαῖς
971 3088 1025 3145 καί
1048 3093 1117 3157 ταίς
1136 3081 1269 3163 βίβλοις.

404 3187 442 3248 έν
465 3191 514 3248 σοί
537 3189 657 3268 συνῇξα
678 3190 795 3260 γνῶσιν
815 3185 850 3247 έκ
871 3189 1089 3269 μαθημάτων,

342 3291 386 3356 30
406 3289 442 3352 έν
464 3292 514 3350 σοὶ
536 3288 572 3349 δὲ
594 3289 706 3371 ταύτην
727 3298 792 3359 τοῖς
814 3287 948 3351 θέλουσι
970 3293 1153 3370 σκορπίσας,

407 3393 545 3464 πολλοὺς
566 3393 686 3473 σοφούς
707 3391 814 3465 ἔδειξα
838 3402 956 3473 προῖκα
978 3398 1041 3454 τῶν
1063 3396 1156 3456 νέων.

407 3494 526 3568 τούτοις
547 3493 625 3556 δλον
647 3517 697 3572 με,
722 3493 868 3577 πατρική,
890 3495 1025 3568 θέλγεις,
1049 3499 1166 3576 στέγη.’

405 3598 523 3670 τούτοις
543 3621 583 3676 με
606 3599 758 3673 κάμπτεις
781 3602 835 3658 καὶ
857 3597 1028 3676 κατακλᾷς,
1052 3597 1195 3680 φιλτάτη.

406 3701 501 3776 λόγος
523 3701 559 3762 δὲ
582 3703 656 3778 νικᾷ
680 3700 788 3761 πάντα
810 3704 865 3761 καὶ
888 3704 968 3764 θεοῦ
989 3703 1112 3774 πόθος·

340 3807 383 3872 35
404 3809 506 3887 τρίτον
528 3802 557 3864 δ’
579 3801 714 3882 άρίθμει
737 3807 790 3885 τῆς
812 3802 952 3886 τελευτῆς
973 3806 1028 3866 τόν
1051 3807 1168 3887 φόβον.

405 3906 451 3980 οίς
473 3904 516 3980 ὡς
536 3905 670 3988 μύωψιν
692 3903 822 3986 άθρόον
845 3906 1073 3988 πεπληγμένος,

408 4012 520 4088 ἄπειμι
544 4008 671 4089 φεύγων
693 4009 792 4069 ἔνθεν
812 4003 850 4071 οὗ
872 4008 951 4080 θεὸς
973 4012 1074 4090 φέρει,

405 4113 515 4176 ἄλλων
537 4114 693 4192 πάροικος
714 4108 785 4170 άντλ
799 4115 861 4174 ’τοῦ
883 4114 962 4189 χθές
984 4109 1149 4186 δεσπότου,

406 4213 604 4298 προσήλυτός
625 4236 670 4286 τις
691 4212 814 4290 οίκιρδς
836 4210 904 4273 ἄντ’
925 4212 1088 4292 ἐγχωρίου,

339 4323 384 4387 40
406 4317 549 4389 άνέοτιός
570 4339 601 4378 τε
625 4320 679 4376 καί
701 4318 792 4397 ξένης
813 4314 937 4402 χρῄζων
958 4319 1066 4398 στέγης

407 4422 424 4485 δ
448 4426 500 4504 τῆς
523 4419 637 4482 ἑαυτοῦ
658 4417 701 4501 μη
724 4419 897 4499 φθονήσας
917 4428 982 4490 τοϊς
1003 4422 1114 4493 ξένοις.

404 4524 473 4588 έπελ
495 4521 523 4583 δ’
546 4521 699 4599 α’παίρειν
722 4523 833 4601 καιρός
855 4520 900 4593 είς
921 4519 1104 4602 άλλοτρίαν,

404 4628 442 4691 σύ
463 4635 554 4706 χαῖρε
576 4621 695 4696 πολλά,
718 4626 810 4703 χαῖρέ
831 4644 887 4704 μοι
909 4623 956 4698 σύ,
979 4627 1102 4707 γνησία,

404 4733 480 4812 ξένη
502 4727 538 4790 δὲ
559 4725 699 4808 μᾶλλον,
722 4724 756 4787 ἔκ
779 4747 814 4802 γε
835 4730 889 4807 τῆς
911 4730 968 4790 νῦν
989 4725 1119 4809 η’μέρας.

345 4835 389 4900 45
410 4835 497 4915 ὅμως
519 4831 556 4894 δὲ
577 4840 678 4912 χαῖρε.
701 4837 801 4911 χαΐρε,
824 4832 919 4914 μῆτερ
942 4833 1083 4912 δευτέρα,
