4560 6172
211 546 292 616 1⁷9
1718 536 1778 600 129

211 719 244 780 τδ
270 716 379 796 δρᾶμα
410 715 599 797 καταμηνύει
620 717 676 776 τόν
698 711 805 775 δόλον.
826 712 990 793 ελσηγείται
1019 709 1075 773 τόν
1101 714 1221 790 τρόπον
1251 712 1303 789 τῆς
1332 713 1434 792 φυγῆς
1454 709 1512 772 ’τοῦ
1538 715 1640 772 Ἴκακοῦ
1669 714 1722 769 καί
1744 708 1778 780 ῦς

210 819 259 905 «ἡν,
285 822 322 881 τὰ
346 819 512 896 κύλλυβα*,
540 821 636 883 ταῦτα
666 815 704 899 δὴ
732 812 770 878 τά
800 813 946 894 ἡμέτερα.
973 812 1075 896 ἑφθοί
1102 819 1196 896 πυροὶ
1223 809 1375 894 βρύσιμοι
1397 811 1464 873 τότε
1486 818 1610 889 πρῶτον
1632 808 1677 885 οἷς
1697 811 1778 874 ἔοικε

211 935 274 998 τοῖς
295 925 360 986 έκετ
379 925 591 1002 γνωρισθετσα
613 922 815 1002 προσηγορία,
838 913 883 979 οἷν
905 916 942 1000 δὴ
964 921 1074 997 μόνων
1089 918 1235 990 κελεύσας
1254 915 1393 998 δημοσίῳ
1409 917 1578 996 κηρύγματι
1592 915 1780 996 μεταλαβεῖν

212 1030 462 1110 προτρέψασθαι
482 1027 551 1098 τοῦς
572 1023 786 1107 νηστεύοντας,
817 1020 870 1085 ὑπ’
897 1022 1018 1085 ἐκείνου
1048 1020 1169 1106 δηλαδὴ
1197 1021 1528 1100 παρασκευασθέντων
1546 1018 1592 1089 οῦς
1613 1019 1705 1098 τάχος
1727 1025 1780 1080 καὶ

213 1134 440 1212 προτεθέντων,
471 1129 536 1193 εἶτα
559 1136 611 1189 καὶ
633 1127 740 1209 κλῆσιν
763 1128 817 1207 τὴν
846 1124 933 1186 ίδίαν
962 1123 1180 1207 ἀποκαλύψας
1186 1171 1196 1199 ,
1225 1128 1279 1184 καὶ
1306 1123 1446 1206 πατρίδα
1473 1124 1608 1199 έξειπείν
1641 1121 1781 1198 άξιοίσας

213 1233 363 1313 ὀνομαστὶ
383 1234 420 1296 τά
445 1231 593 1310 Εῦχάίτα,
616 1230 748 1313 α’πὴλθε
769 1234 831 1292 τῶν
851 1230 962 1308 ὄψεων
983 1227 1094 1292 αὐτίκα
1117 1233 1170 1293 τοῦ
1192 1227 1399 1307 πατριάρχου.
1445 1227 1560 1293 40οῦτιο
1588 1232 1647 1307 μὲν
1677 1228 1714 1309 δὴ
1738 1235 1780 1312 τηῦ

213 1342 344 1423 σοφιστῇ
366 1341 418 1416 τῆς
440 1341 552 1408 κακίας
573 1335 704 1417 διελύθη
726 1335 759 1395 τό
782 1335 943 1414 σόφισμα,
974 1330 1088 1415 ἑαυτὴν
1112 1330 1320 1417 ψευσαὴμένης
1339 1337 1391 1414 τὴς
1414 1331 1556 1407 α’δικίας,
1587 1337 1639 1392 καὶ
1705 1333 1778 1397 1691

212 1443 257 1514 είς
277 1445 404 1522 βόθρον
426 1442 463 1503 ὃν
486 1440 613 1519 ὤρυξεν,
647 1439 849 1518 ἐμπέπτωκεν
871 1434 888 1498 ὁ
911 1436 1054 1517 δρῦξας*,
1085 1435 1332 1510 καταγελασθεὶς
1354 1434 1448 1507 αῦτδς
1469 1435 1595 1516 μᾶλλον
1617 1441 1670 1496 καὶ
1690 1437 1780 1515 χλευ-

216 1550 327 1618 ασθεῐς
350 1543 545 1621 δικαιότερον
567 1541 609 1616 ὦς
630 1543 759 1624 κλέπτης
787 1538 841 1604 οῦκ
870 1539 987 1622 εῦψυὴς
1016 1544 1069 1600 καὶ
1099 1543 1239 1622 θηρατης
1268 1535 1323 1602 οῦκ
1351 1534 1476 1619 εῦτυχὴς
1505 1537 1578 1604 οῦδὲ
1598 1538 1740 1618 εὔστοχος
1763 1545 1782 1623 ἡ

215 1647 432 1724 καταγελάσας
455 1647 564 1709 ἄλλων
590 1646 632 1719 ὡς
654 1646 799 1727 ἤλπισεν·
829 1643 906 1707 οῦτω
940 1641 974 1704 δὲ
1008 1648 1061 1725 τὴν
1091 1643 1192 1724 α’ρχὴν
1224 1646 1277 1703 καί
1305 1646 1347 1726 τῷ
1381 1641 1493 1725 πράτηι
1521 1649 1563 1726 τῷ
1594 1644 1659 1706 ὄντι
1689 1647 1782 1731 τούτῳ

215 1752 363 1832 σαββάτῳ
385 1754 418 1812 τὸ
441 1753 493 1832 τῆς
514 1751 632 1828 τελετὴς
654 1751 781 1830 συνέστη
802 1754 989 1829 μυστηριον·
1019 1748 1168 1810 ἐντεῦθεν
1198 1745 1215 1828 ἡ
1245 1749 1392 1826 παροῦσα
1422 1749 1596 1828 πανὴγυρις
1623 1751 1678 1829 τὴν
1699 1749 1782 1812 ὑπό-

218 1862 308 1920 θεσιν
332 1857 432 1934 ἔσχεν·
457 1851 642 1933 αἐίμνηστον
662 1855 721 1931 μὲν
743 1852 862 1934 (ὥσπερ
885 1851 993 1936 έχρὴν)
1017 1853 1208 1931 ουντηροῦσα
1231 1849 1286 1931 τὴν
1306 1847 1483 1928 εὐεργεσίαν
1504 1855 1547 1933 τηῦ
1561 1855 1620 1934 βίῳ
1638 1859 1690 1914 καί
1705 1858 1782 1917 καθ’

215 1966 344 2026 ἕκαστον
366 1960 432 2031 ἔτος
455 1956 655 2020 ἀποδιδοῦσα
677 1957 713 2015 τά
736 1955 919 2035 χαριστήρια
941 1958 982 2036 τῷ
1010 1960 1063 2015 καὶ
1090 1952 1193 2016 πάλαι
1226 1957 1279 2015 καὶ
1310 1958 1366 2020 νῦν
1391 1959 1444 2038 τὴς
1473 1953 1630 2036 α’ληθείας
1650 1957 1783 2041 μάρτυρι

216 2068 312 2146 τούτῳ
335 2067 387 2121 καὶ
410 2064 462 2125 τοῦ
486 2060 628 2140 ψεύδους
649 2058 765 2141 ἐλέγχῳ
788 2064 840 2118 καὶ
862 2058 1034 2144 κατηγόρῳ,
1058 2058 1334 2139 παρευδοκιμοῦσα
1357 2057 1393 2121 δὲ
1414 2064 1451 2148 τη”
1466 2060 1657 2143 λαμπρότητι
1674 2065 1784 2123 πάσαν

217 2167 318 2248 ἄλλην
341 2163 461 2247 ἡμέραν
482 2165 673 2244 μαρτυρικὴν
695 2168 748 2223 καί
770 2160 892 2238 ἑόρτιον
914 2165 992 2235 ῦσας
1014 2186 1045 2224 τε
1061 2160 1155 2235 αύτδς
1169 2157 1257 2235 οῦιος
1277 2162 1313 2223 έν
1327 2173 1449 2243 καιροῖς
1465 2163 1633 2243 διαφόροις
1656 2163 1710 2227 διά
1733 2169 1785 2248 τὴς

216 2271 333 2342 ολκείας
353 2268 477 2352 μνήμης
501 2265 687 2346 φαιδρύνει,
719 2271 772 2326 καὶ
794 2265 871 2337 ὅσας
900 2261 931 2327 οἱ
952 2268 1060 2330 τούτου
1082 2273 1309 2340 συναγωνισταὶ
1337 2271 1391 2328 καί
1419 2279 1655 2349 συστεφαντται,
1688 2268 1786 2343 ἄλλος

216 2374 317 2456 άλλην
339 2372 455 2450 λαχών,
485 2373 538 2431 καλ
560 2367 605 2441 οίς
626 2372 753 2441 ἕκαστος
775 2368 880 2433 αῦταῦν
902 2368 1056 2452 ω’δυνὴθη
1078 2368 1210 2448 πάσχων
1232 2370 1276 2443 ελς
1296 2373 1425 2452 μίμησιν
1445 2375 1498 2434 τοῦ
1520 2371 1686 2445 παθόντος
1706 2372 1784 2457 ὑπὲρ

217 2475 338 2551 αῦτοῦν,
372 2474 496 2546 πολλάς
524 2474 569 2545 εἰς
596 2471 793 2554 εὐφροσύνην
823 2471 897 2554 ἡμῖν
923 2471 978 2547 τὰς
1005 2472 1157 2555 α’φορμός
1180 2473 1185 2559 ἡ
1208 2473 1423 2552 χαριζόμενοι,
1455 2471 1501 2539 ὦν
1531 2479 1644 2536 πασῶν
1710 2479 1786 2543 169²

216 2582 377 2660 ὑπεραίρει
398 2581 574 2661 προφανῶς
596 2575 614 2659 ἡ
637 2581 795 2657 παροῦσα,
819 2578 837 2659 ἡ
859 2580 1005 2661 τοσαύτην
1020 2577 1150 2639 πλουτεῖ
1162 2579 1345 2657 περιουσίαν
1361 2576 1526 2658 δυνάμεως
1540 2578 1583 2651 ὡς
1604 2586 1658 2641 καὶ
1672 2582 1788 2660 νόμους

216 2682 397 2762 βιάζεσθαι,
419 2685 472 2742 καὶ
494 2684 591 2744 ταῦτα
613 2683 682 2754 τοῦς
703 2677 814 2760 ἱερούς,
837 2684 890 2742 καὶ
913 2685 1024 2762 καιροῦ
1046 2680 1206 2763 τηλικοῦδε
1229 2679 1412 2755 δυναστείας
1434 2694 1646 2763 κατακρατεῖν,
1700 2685 1787 2748 41ίδε

217 2790 292 2864 γοῦν
323 2790 379 2858 τάς
406 2788 568 2868 νηστίμους
597 2782 639 2856 τῦς
666 2785 716 2858 είς
739 2782 964 2863 άπολαῦσιμον
986 2789 1232 2867 μεθηρμόσατο,
1264 2786 1298 2847 τό
1329 2788 1452 2859 πένθος
1485 2784 1526 2851 αὖ
1557 2786 1660 2849 πόλιν
1680 2784 1723 2860 ὥς
1743 2789 1788 2862 είς

218 2889 327 2972 ἕορτὴν
349 2887 565 2968 μετεσκεύασε,
595 2889 629 2950 τδ
652 2888 806 2950 έπίπονον
829 2885 927 2961 αὖθις
950 2887 992 2961 ὥς
1012 2889 1057 2962 είς
1079 2889 1188 2950 ἄνεσιν
1209 2889 1336 2968 ἔτρεψε,
1369 2892 1425 2972 τὴν
1445 2894 1497 2956 τοῦ
1518 2896 1669 2970 χειμῶνος
1692 2893 1787 2975 κατὴ-

219 3014 316 3076 φειαν
337 2991 379 3064 ὡς
401 2992 445 3064 είς
466 2992 597 3074 λαρινὴν
619 2988 797 3075 ἱλαρότητα,
820 2998 873 3053 καὶ
893 2991 975 3065 ῦλως
990 2991 1033 3064 ὡς
1047 2993 1183 3073 ἡμειψεν
1197 2990 1273 3074 ἡμίν
1286 2996 1323 3054 τά
1340 2997 1487 3076 παρόντα
1508 2998 1562 3055 καὶ
1574 2997 1630 3078 τὴν
1644 2995 1791 3060 παλαιάν

219 3100 396 3177 παροιμίαν
417 3095 555 3175 α’τεχνοῦς
584 3096 774 3158 ἐπιστώσατο
795 3096 904 3179 Ἄλλην
925 3101 1081 3177 τρέχοντες
1103 3096 1203 3179 ἄλλην
1224 3098 1419 3179 ἐφθάσαμεν
1445 3135 1484 3146 -
1507 3099 1670 3178 ἡμῦλλον
1690 3101 1792 3165 ελπείν

218 3203 252 3263 τό
276 3200 459 3284 ψαλμικδν*
482 3203 536 3261 καὶ
556 3197 705 3283 ἡμίωρον
726 3203 760 3263 τῦ
777 3199 931 3280 Ἑσπέρας
953 3199 1177 3283 αῦλισθὴσεται
1199 3200 1378 3281 κλαυθμός,
1401 3206 1455 3264 καλ
1475 3202 1520 3275 είς
1534 3206 1568 3266 τό
1584 3209 1672 3283 πρωῒ
1689 3204 1791 3282 ἄγαλ-

220 3304 333 3376 λίασις.
354 3306 398 3364 τιῦ
420 3303 486 3365 όντι
508 3306 568 3383 γάρ
590 3303 719 3385 ἔτρεψε*
739 3304 794 3367 τδν
815 3307 948 3367 κοπετδν
969 3304 1057 3387 ἡμῶν
1078 3306 1123 3378 είς
1144 3305 1259 3386 χαράν,
1291 3308 1345 3367 καὶ
1373 3302 1570 3390 εὐφροσύνην
1591 3305 1673 3389 ἡμᾶς
1695 3330 1791 3371 πνευ-

220 3409 353 3489 ματικὴν
375 3406 567 3488 περιέζωσεν.
597 3408 625 3468 εί
647 3407 676 3468 δ’
699 3407 734 3468 έν
757 3407 925 3486 πενθίμοις
946 3410 1076 3492 τοσαύτη
1098 3433 1141 3482 τις
1163 3409 1180 3492 ἡ
1203 3415 1255 3492 τῆς
1275 3409 1493 3494 λαμπρότητος
1515 3411 1666 3491 δύναμις,
1700 3411 1790 3496 ἡλίκη

222 3509 428 3593 φανήσεσθαι
450 3514 503 3570 καί
525 3510 625 3571 πόσον
646 3509 824 3591 έκλάμψειν
847 3512 955 3590 ἔμελλε
977 3512 1084 3588 πλέον,
1107 3517 1218 3593 καιροῦ
1241 3513 1401 3596 λαβομένη
1422 3515 1619 3598 καταλλὴλου
1640 3520 1683 3600 τῷ
1705 3517 1791 3597 πρά·

220 3637 314 3695 γματι
336 3618 389 3674 καὶ
411 3613 486 3694 παρ’
508 3611 620 3676 ἑαυτοῦ
642 3638 669 3676 τι
694 3614 698 3700 ἡ
722 3616 938 3689 συντελοῦντος
961 3620 1038 3697 πρός
1059 3616 1093 3678 τό
1116 3616 1338 3699 φαιδρότερον,
1369 3615 1442 3680 ἀλλ’
1465 3617 1503 3683 οῦ
1522 3620 1649 3698 μάλλον
1715 3623 1790 3687 1’ίοι

222 3718 265 3792 ὥς
286 3712 373 3788 οὗτος
398 3714 414 3783 ὃ
435 3718 549 3797 παρόν
570 3716 845 3799 α’ντιπροίττοντοςς

307 3821 436 3899 41Ἔχετε
457 3825 511 3883 τόν
533 3822 630 3897 λόγον
651 3818 851 3905 ἀμφοτέρων,
875 3822 916 3895 ὡς
939 3825 956 3906 ἡ
980 3821 1155 3903 ὑπόσχεσις,
1177 3827 1232 3888 τοῦ
1253 3847 1283 3886 τε
1304 3824 1404 3887 τόπου
1427 3826 1506 3901 λέγω
1528 3831 1582 3887 καὶ
1603 3831 1656 3892 τοῦ
1671 3833 1794 3909 καιροῦ,

223 3926 302 3986 καθ’
326 3925 364 3987 ὃν
385 3924 529 3990 ἐνταῦθα
552 3931 605 3987 καὶ
627 3933 685 3991 νῦν
713 3926 792 4010 ὑπὲρ
822 3931 945 4003 πάντας
974 3932 1041 4001 τοῦς
1070 3929 1188 4002 ἄλλους
1215 3927 1348 4009 χρόνους
1374 3934 1428 3991 καὶ
1456 3932 1573 4002 τόπους
1601 3929 1619 3993 ὁ
1648 3930 1794 4014 ἡμέτερος

224 4023 312 4101 οὗτος
332 4031 538 4108 τροπαιοῦχος
560 4035 614 4091 καὶ
635 4030 802 4111 πολιοῦχος
823 4038 948 4112 τιμᾶται
971 4034 1202 4116 διαφερόντως·
1225 4030 1336 4110 άπέχει
1358 4031 1394 4094 δὲ
1416 4038 1469 4094 καὶ
1484 4031 1576 4106 αῦιδς
1596 4037 1652 4118 τὴν
1666 4033 1795 4098 δικαίαν

225 4134 301 4215 παρ’
324 4129 413 4214 ἡμῶν
427 4129 568 4215 δφειλὴν,
590 4135 643 4196 τὸν
665 4137 724 4197 εἴτε
746 4137 878 4199 ἔπαινον
889 4140 994 4202 τοῦτον
1008 4139 1067 4199 εἴτε
1081 4136 1351 4220 προσφωνητικόν,
1372 4136 1478 4209 ἄλλοις
1492 4138 1537 4210 είς
1551 4143 1605 4220 τὴν
1620 4140 1797 4223 πανὴγυριν

226 4234 281 4299 οδκ
304 4237 397 4311 ἄξιον
417 4239 476 4317 μὲν
499 4240 578 4319 (πάς
598 4261 642 4310 τις
665 4241 706 4300 ἄν
728 4242 825 4323 εἴποι)
858 4245 909 4322 τὴς
929 4238 1019 4303 τοῦδε
1041 4238 1274 4323 μεγαλειότητος
1302 4247 1370 4328 (καὶ
1390 4245 1418 4306 τί
1439 4243 1500 4324 γάρ
1523 4243 1616 4318 άξιον
1637 4247 1714 4324 παρ’
1735 4246 1796 4307 άν-

225 4342 369 4422 θροίπων
390 4344 433 4423 τῷ
457 4340 581 4402 θεόθεν
601 4340 679 4405 οῦτω
703 4342 934 4426 δεδοξασμένῳ,
958 4343 995 4406 ὃν
1010 4346 1142 4423 Χριστός
1159 4342 1348 4426 οἷνεκὴρυξεν
1369 4347 1552 4427 ἔμπροσθεν
1573 4349 1626 4412 τοῦ
1648 4347 1797 4426 οῦρανίου

225 4443 344 4525 πατρός
365 4450 418 4506 καὶ
439 4448 501 4507 τιῦν
522 4444 622 4523 ἁγίων
644 4447 786 4523 άγγέλων
808 4448 851 4519 ὡς
872 4453 926 4508 καὶ
948 4445 1038 4523 αὐτὸς
1060 4448 1243 4527 ἔμπροσθεν
1271 4456 1333 4510 τῶν
1353 4447 1543 4531 α’νθραίπων
1563 4448 1797 4534 ἀνακηρυχθεὶς

224 4545 286 4612 ῦπῦ
309 4547 415 4614 τούτου
437 4551 495 4614 σύν
518 4551 736 4633 παρρησίᾳ*,·),
759 4555 814 4616 τοῦ
834 4555 914 4631 πρός
936 4550 1073 4630 δύναμιν
1095 4549 1122 4612 δ’
1141 4552 1227 4629 ὅμως
1248 4553 1302 4634 τὴν
1322 4548 1474 4635 ἡμετέραν
1495 4554 1682 4634 λειπόμενον
1702 4554 1797 4620 οῦδὲν

225 4650 294 4716 οὐδ’
315 4653 475 4714 ένδέοντα.

226 4875 258 4929 th
299 4820 330 4870 39
348 4801 473 4872 [ιαροεδο
492 4801 626 4858 Semitica
642 4803 668 4857 11
687 4823 717 4871 ²7
739 4808 744 4870 Ι
766 4825 798 4871 4ο
815 4807 996 4863 Ecclesium
1015 4827 1053 4871 10,
1071 4813 1086 4862 8
1107 4811 1111 4875 Ι
1132 4828 1161 4874 4¹
1182 4809 1273 4863 Psalm
1292 4813 1327 4862 κθ
1346 4810 1425 4878 614τ
1446 4810 1538 4865 Ρεειλαι
1558 4815 1594 4863 κθ
1614 4815 1709 4880 12141
1727 4814 1799 4870 Μεί-

259 4890 327 4929 aeus
346 4892 384 4940 10,
401 4893 431 4942 3²
1758 4905 1761 4913 ¹

1443 4994 1485 5054 17
