4560 6172
500 549 544 613 80

500 714 596 798 ληνίηι
618 717 678 795 βίῳ
702 711 951 795 φιλονεικούσης.
1002 708 1111 772 *ἀλλά
1143 713 1206 774 ποῦ
1237 710 1275 793 δή
1307 714 1362 772 καὶ
1388 712 1464 773 πότε
1492 710 1621 791 μᾶλλον
1648 712 1724 795 ήμτν
1753 718 1817 777 τῶν
1849 717 1914 775 σῶν
1943 708 2091 777 δυνατῶν

499 819 684 896 προσευχῶν
706 818 760 875 καί
783 816 957 893 πρεσβειῶν
977 816 1089 894 χρείας
1112 815 1169 878 νῦν
1191 817 1297 876 τοίνυν
1317 813 1458 893 μάλιστα
1479 813 1715 897 δαψιλεστέρας
1741 817 1858 888 ταύτας
1879 814 2027 895 χαρίζου·
2060 814 2091 877 εί
2172 807 2179 814 ’

499 919 529 979 δ’
551 915 613 993 οὐν,
637 921 754 996 οἴχεταί
777 932 825 979 σοι
848 917 882 977 ιδ
904 919 1014 978 τέκνον
1036 915 1053 978 ό
1072 913 1231 996 Ἰωάννης.
1276 917 1360 999 πλήν
1382 915 1467 977 ἀλλά
1499 918 1620 999 νικήσοι
1648 920 1681 980 τό
1712 919 1862 998 ἀμεινον·
1894 924 1947 979 καί
1970 916 2089 1000 νικήσει

496 1044 531 1097 γε
554 1020 681 1092 πάντως
702 1019 773 1105 (οὐκ
795 1018 978 1104 ένόοιάζω),
1012 1023 1040 1081 εί
1067 1023 1130 1080 τῶν
1160 1023 1226 1081 σῶν
1253 1018 1353 1098 εὐχῶν
1383 1024 1529 1099 τύχοιμεν
1555 1021 1775 1102 έκτενεσιέρων
1797 1025 1851 1082 καί
1873 1022 2088 1103 θερμοτέρων.

499 1124 641 1185 ὓθᾶττον
663 1120 718 1188 οὐν
743 1122 747 1209 Ι
771 1122 864 1202 ἔργον
886 1124 977 1199 ἔχου,
1012 1127 1066 1182 καί
1087 1121 1204 1202 βοήθει
1226 1123 1395 1201 μακρόθεν
1416 1129 1473 1204 τήν
1495 1121 1750 1205 ἀναγκαιοτάτην
1771 1125 1940 1206 βοήθειαν,
2029 1122 2087 1188 91¹

496 1229 590 1298 εἴτις
613 1227 655 1288 ε’τν
677 1243 727 1288 σοι
751 1225 845 1299 λόγος
867 1232 930 1288 τῶν
952 1227 1030 1286 καθ’
1052 1223 1145 1308 ήμάς.
1198 1223 1311 1295 θαύτύς
1342 1223 1379 1286 δέ
1409 1248 1463 1304 μοι
1492 1230 1546 1287 καί
1576 1228 1697 1306 χαίρων
1730 1230 1785 1285 καί
1814 1222 1978 1302 εὐρῶστως
2006 1226 2089 1304 ἔχων

497 1328 682 1407 ἀγγέλλοιο,
713 1326 756 1401 ῶς
777 1331 820 1389 ἀν
841 1332 881 1389 τά
904 1351 935 1390 τε
958 1326 1062 1401 ἀλλα,
1095 1332 1149 1388 καί
1179 1323 1267 1408 ήττον
1289 1326 1440 1407 ἀλγῶμεν
1460 1327 1514 1389 ἐπὶ
1536 1330 1572 1415 τῇ
1593 1331 1647 1392 τοῦ
1665 1330 1737 1404 βίον
1760 1331 1962 1407 καινοτομίᾳ,
1996 1329 2086 1407 εἴπερ

497 1434 564 1513 ἀρα
586 1436 674 1496 τοῦτο
698 1435 854 1514 συμβαίη,
888 1441 952 1502 τοϊς
982 1433 1054 1507 περί
1075 1433 1127 1510 τής
1150 1433 1206 1511 σής
1228 1429 1389 1512 ἁγιότητος
1418 1432 1632 1512 χρηστοτέροις
1661 1428 1853 1507 εὐαγγελίοις
1873 1431 1907 1492 τδ
1931 1430 2015 1494 πολύ
2034 1434 2088 1513 τής

497 1536 647 1599 έντεῦθεν
669 1535 877 1615 ὑφαιροῦντες
900 1533 1086 1617 ἀδημονίας.

584 1642 679 1708 1118.
700 1642 762 1718 μθ.
788 1637 859 1712 1Ὡς
880 1638 1037 1722 άπληστος
1059 1634 1097 1701 σύ
1118 1639 1173 1717 τήν
1195 1632 1255 1718 ἀφ’
1278 1634 1368 1718 ήμῶν
1391 1635 1568 1710 ἀπουσίαν,
1600 1638 1667 1719 ήτοι
1688 1639 1771 1716 μίσει
1801 1641 1864 1699 τῶν
1885 1636 1967 1718 τήδε,
1991 1638 2012 1718 ἢ
2033 1640 2088 1697 καί

497 1746 560 1803 τῶν
582 1740 700 1806 αὐτόθι
723 1741 831 1821 φιλίᾳ·
863 1742 958 1802 δκαλ
979 1740 1105 1818 μᾶλλον
1126 1738 1342 1819 ὑπονοοῦμεν·
1372 1742 1417 1811 τίς
1445 1741 1506 1821 γάρ
1536 1741 1717 1820 πρόφασιςΙ
1727 1743 1839 1818 μίσους
1862 1743 1941 1821 πρὸς
1965 1738 2089 1819 ἀνδρας

497 1844 692 1923 συμπολίτας
713 1842 797 1925 ήμῶς
820 1849 873 1904 καὶ
895 1844 1002 1919 λόγων
1025 1847 1194 1916 κοινωνοὺς
1218 1849 1272 1904 καί
1287 1842 1481 1915 παιδεύσεως
1487 1871 1497 1920 ,·
1545 1842 1641 1904 ἳάλλ
1664 1841 1728 1927 η’τύ
1746 1844 1926 1923 λεγόμενον,
1949 1839 1967 1905 ό
1989 1841 2089 1914 λωτδς

497 1950 619 2026 κατέχει
641 1949 711 2018 τούς
732 1953 962 2025 γευσαμένους,
996 1951 1050 2007 καὶ
1081 1946 1136 2008 διά
1166 1951 1255 2010 τοῦτο
1284 1949 1347 2007 τῶν
1375 1949 1457 2008 οἴκοι
1479 1946 1566 2030 λήθη
1587 1947 1695 2028 μακρά
1720 1952 1773 2008 καὶ
1799 1948 1912 2009 νόστου
1933 1945 2089 2029 παντελής

498 2049 662 2133 ἀμνηστία.
710 2048 799 2112 3ἀλλ’
823 2051 916 2113 ἔλθοι
940 2066 990 2112 σοι
1012 2050 1148 2123 πάντως,
1171 2048 1266 2111 ἔλθοι
1290 2048 1406 2131 δήποτε
1428 2053 1482 2110 καί
1504 2045 1593 2122 οὗτος
1614 2049 1659 2122 είς
1680 2048 1818 2132 μνήμην,
1841 2049 1951 2132 ἐπειδή
1975 2052 2088 2111 ποθει-

497 2157 625 2234 νότερον
648 2156 800 2236 πεποίηκέ
822 2173 855 2215 σε
878 2151 895 2215 ύ
918 2152 1041 2234 χρόνος,
1064 2157 1118 2212 καί
1141 2153 1231 2232 παρὰ
1253 2158 1342 2216 τοῦτο
1364 2152 1447 2231 τάχα
1470 2157 1524 2213 καὶ
1545 2151 1775 2233 εὐκταιότερον,
1798 2155 1960 2232 τιμιῶτατε
1983 2151 2089 2233 φίλων

498 2261 551 2318 καί
574 2255 739 2337 ἀρχόντων
761 2258 841 2333 έμοί.
899 2256 1001 2335 *πρὸς
1023 2256 1053 2318 δ’
1075 2253 1132 2319 οὐν
1153 2256 1187 2317 τό
1211 2254 1319 2334 παρόν
1340 2257 1394 2317 τόν
1417 2254 1563 2334 παρόντα
1586 2273 1635 2317 σοι
1658 2255 1861 2335 προσάγομεν
1883 2254 1963 2316 ἀνθ’
1986 2252 2087 2337 ήμῶν,

497 2367 552 2422 ίνα
574 2367 657 2444 γνῷς
677 2361 713 2422 έν
736 2359 820 2443 αὐτῷ
842 2363 897 2420 τὸν
919 2359 976 2420 σύν
992 2357 1156 2440 Ἰωάννην,
1180 2360 1274 2430 εἴτις
1296 2357 1338 2420 ἔτι
1362 2375 1411 2420 σοι
1423 2360 1476 2422 τοῦ
1489 2357 1587 2438 φίλου
1599 2362 1740 2438 φροντίς,
1762 2358 1943 2445 έπειδήήπερ
2031 2357 2088 2424 91¹

497 2463 644 2535 κάκεῖνος
665 2464 721 2525 τόν
742 2461 855 2526 ἑαυτοῦ
879 2459 1032 2545 Μιχαήλ,
1054 2465 1109 2523 τόν
1131 2464 1239 2523 πάντα
1261 2460 1363 2523 καλόν
1385 2481 1466 2543 φημι
1490 2465 1543 2522 καὶ
1566 2465 1665 2522 πᾶσιν
1688 2461 1911 2545 ἠγαπημένον,
1944 2462 1980 2527 έν
2002 2459 2089 2545 αὐτῷ

497 2566 719 2645 έπιγνιόσεται,
742 2570 795 2647 τής
815 2565 861 2636 είς
881 2568 990 2628 τοῦτον
1011 2561 1147 2638 εὐνοίας,
1172 2566 1191 2646 ή
1212 2568 1266 2626 καί
1287 2563 1321 2625 τδ
1345 2564 1484 2643 ἔμπαλιν
1508 2603 1543 2613 -
1575 2563 1646 2627 ἀλλ’
1668 2563 1764 2649 ἀπείη
1785 2569 1872 2631 τοῦτο
1893 2567 1927 2629 τὸ
1949 2566 2090 2644 ἔμπαλιν

498 2706 542 2721 --
562 2671 608 2744 τίς
630 2670 752 2733 ἐκεῖνον
775 2669 1008 2750 διαβαινούσης.
1055 2668 1112 2730 ὓτά
1124 2666 1167 2730 ’δ’
1195 2668 1248 2730 έπὶ
1263 2668 1381 2740 τούτοις
1395 2663 1430 2730 εὐ
1452 2668 1534 2747 ἔχοις
1549 2691 1604 2748 μοι
1621 2668 1657 2730 τό
1679 2691 1709 2731 τε
1726 2672 1818 2749 σῶμα
1835 2672 2090 2753 προηγουμένως,

498 2779 553 2837 καὶ
579 2777 637 2857 τήν
659 2773 768 2856 ψυχήν
790 2772 840 2835 ὐπ’
862 2767 965 2857 αὐτῷ,
997 2769 1107 2851 έπειδή
1130 2768 1185 2851 τήν
1207 2772 1267 2848 μὲν
1296 2770 1477 2853 ἐρρωμένην
1499 2788 1548 2833 σοι
1569 2773 1705 2848 βεβαίως
1726 2770 1887 2851 γινώσκω,
1922 2775 1955 2834 τδ
1978 2772 2014 2835 δὲ
2036 2774 2093 2856 τήν

496 2877 609 2960 ήγείαν
630 2876 815 2960 ἀμφίβολον
836 2876 941 2955 ἔμοιγε
965 2877 1019 2936 καὶ
1040 2872 1164 2956 ἀδηλον
1184 2874 1247 2952 ἔχει
1269 2873 1324 2935 διά
1346 2874 1381 2936 τδ
1403 2878 1456 2955 τής
1475 2872 1551 2957 ὐλης
1571 2872 1716 2948 εὐπαθές
1735 2898 1767 2937 τε
1784 2879 1838 2937 καὶ
1853 2872 2091 2960 εὐμετάβλητον.

589 2984 683 3051 149.
706 3002 734 3044 ν.
761 2979 857 3054 ι’0,τι
877 2980 937 3059 μέν
959 2995 1009 3040 σοι
1036 2976 1267 3058 πεπόνθαμεν,
1301 2981 1354 3038 καὶ
1382 2980 1410 3039 τί
1431 2981 1465 3040 τδ
1489 2979 1614 3056 συμβάν
1636 2981 1708 3057 περί
1729 2976 1813 3062 ήμάς
1835 2981 1922 3044 τοῦτο
1945 2982 2088 3061 πρᾶγμα,

499 3088 691 3165 θαυμαστόν
713 3083 809 3148 οὐδέν
831 3082 861 3144 εί
884 3079 1077 3161 θαυμάζεις·
1101 3084 1155 3141 καὶ
1177 3080 1270 3152 αὐτός
1287 3080 1349 3160 γάρ
1368 3079 1440 3156 έγιό,
1464 3086 1536 3162 περὶ
1553 3081 1592 3143 δν
1607 3083 1721 3165 συνέβη
1734 3085 1769 3144 τό
1784 3083 1922 3159 γεγονός,
1946 3082 2091 3164 ἀπορίαν

499 3191 560 3268 ἔχω
582 3186 706 3270 πολλήν
728 3192 782 3251 καί
803 3184 955 3249 ἀπιστίαν
977 3184 1030 3246 έπί
1052 3185 1095 3266 τῷ
1116 3185 1296 3264 πράγματι,
1328 3182 1438 3266 ἐπειδή
1472 3185 1580 3247 πάντα
1602 3185 1722 3267 ήλπισα
1743 3186 1878 3266 μᾶλλον,
1902 3189 1923 3269 ἢ
1943 3190 2091 3273 τοιαύτην

499 3292 582 3355 ίδετν
603 3295 811 3369 καινοτομίαν
833 3294 906 3372 περὶ
928 3288 1023 3371 ήμᾶς,
1044 3287 1117 3363 τούς
1138 3286 1194 3349 διδ
1217 3287 1289 3366 βίου
1311 3290 1430 3359 παντὸς
1452 3287 1510 3369 (ῶς
1532 3284 1600 3351 οὐδ’
1623 3287 1716 3363 αὐτός
1738 3292 1781 3350 ἀν
1801 3288 1974 3376 ἀρνήσαιο)
1997 3292 2089 3375 φιλο-

499 3396 606 3468 πόνως
627 3397 683 3477 τήν
703 3394 821 3458 τούτων
843 3391 1016 3475 ἀποφυγήν
1039 3390 1278 3472 μελιτήσαντας.
1335 3389 1432 3451 2ἀλλ’
1454 3395 1509 3451 ίνα
1533 3390 1774 3471 παιδευθῶμεν,
1797 3395 1872 3467 ἴσως
1894 3399 1948 3457 καὶ
1968 3398 2090 3476 μάθω-

497 3518 558 3580 μεν
579 3495 622 3569 ῶς
644 3495 682 3561 οὐ
704 3495 809 3559 πάντα
832 3499 886 3558 καὶ
909 3496 1037 3567 πάντως
1060 3495 1182 3557 ἑαυτῶν
1203 3494 1292 3576 ήμεϊς
1314 3491 1345 3555 οἱ
1367 3495 1542 3574 ἅνθρωποι
1561 3496 1711 3575 ἄρχομεν,
1741 3493 1828 3557 ἀλλά
1853 3497 1904 3559 δετ
1921 3503 1964 3584 τῷ
1988 3490 2090 3583 θελή-

498 3623 575 3681 ματι
603 3605 656 3682 τής
684 3603 719 3663 τὸ
747 3603 815 3662 πᾶν
845 3599 981 3682 ἀγούσης
1012 3601 1167 3678 προνοίας
1196 3601 1250 3657 καί
1272 3594 1357 3679 ήμῶς
1379 3601 1460 3678 πρὸς
1479 3607 1545 3670 τοϊς
1567 3597 1678 3670 ἀλλοις
1701 3597 1705 3684 Ι
1729 3595 1868 3663 ὑπείκειν
1889 3608 1944 3663 καὶ
2030 3605 2088 3669 921

499 3710 700 3783 πειθαρχεῖν,
733 3706 795 3765 κάν
816 3704 846 3765 εί
866 3707 921 3763 καί
943 3701 1098 3773 πολλάκις
1120 3699 1195 3783 ήμτν
1226 3697 1263 3763 οὐ
1285 3700 1364 3761 κατά
1388 3701 1518 3783 γνῶμην
1541 3698 1561 3788 ή
1582 3702 1616 3762 τδ
1638 3699 1815 3781 γινόμενον,
1850 3707 1903 3765 καὶ
1925 3703 1983 3769 οὐκ
2006 3707 2089 3770 ἔστιν

497 3807 627 3871 λκείθεν
657 3806 846 3887 ἀποδρᾶσαι
874 3810 928 3867 καὶ
956 3804 1130 3871 ὑπεκδῦναι
1163 3801 1236 3865 οὐδὲ
1264 3805 1319 3864 τόν
1340 3799 1583 3885 ἀσφαλέστατον
1606 3802 1681 3865 λίαν
1703 3806 1723 3885 η’
1743 3806 1797 3867 τόν
1819 3806 1926 3880 άλλως
1947 3808 2089 3872 ἐνστατι-

499 3908 649 3975 κιότατον.
700 3909 790 3973 8έπεὶ
820 3908 849 3973 δ
873 3907 929 3974 οὐν
951 3908 1060 3983 ἔδοξεν
1083 3906 1181 3981 οὕτω,
1211 3910 1264 3968 καὶ
1287 3903 1304 3969 ὐ
1328 3909 1473 3986 κρείττων
1502 3906 1666 3992 έκράτησε,
1698 3911 1752 3968 καὶ
1783 3908 1976 3992 ἡττηθέντας
2005 3910 2090 3994 ήμοῖς

499 4011 563 4078 ὐπύ
585 4011 692 4087 πόδας
713 4014 776 4092 ἔχει
798 4016 970 4094 κειμένους,
993 4012 1087 4091 χάρις
1108 4020 1171 4082 τοϊς
1195 4009 1292 4075 αὐτοῦ
1314 4020 1428 4091 σορστς
1448 4013 1608 4090 κρίμασιν,
1640 4008 1687 4083 οίς
1708 4011 1741 4073 τύ
1765 4015 1833 4073 πῶν
1854 4016 2014 4093 κυβερνῶν
2036 4020 2091 4077 καὶ

499 4121 534 4182 τό
566 4118 644 4178 καθ’
672 4116 755 4200 ήμᾶς
785 4117 824 4180 δν
853 4114 1022 4198 εὐδόκησεν
1051 4112 1235 4200 ηίκονόμησε
1256 4116 1387 4193 τρόπον.
1431 4112 1477 4175 *τί
1500 4111 1556 4179 οὐν
1579 4115 1623 4177 ἔτι
1644 4118 1726 4194 πρὸς
1746 4120 1866 4188 τούτοις
1872 4145 1884 4194 ,·
1918 4118 2023 4203 πολλή
2043 4143 2089 4195 τις

498 4219 601 4300 εὐχῶν
623 4225 676 4281 καί
698 4219 911 4302 ἀπαραίτητος
933 4222 1040 4298 χρεία,
1072 4223 1104 4280 τὸ
1128 4218 1266 4290 ἀσθενὲς
1289 4213 1379 4298 ἡμῶν
1401 4220 1455 4278 καί
1475 4218 1509 4280 τό
1531 4219 1649 4280 ἀτονον
1677 4215 1800 4281 ἱκανῶν
1828 4219 2003 4300 ἐνισχῦσαι·
2034 4226 2090 4285 καὶ

498 4325 561 4403 γάρ
584 4323 831 4402 πλεονεκτοῦμεν
854 4322 896 4396 ῶς
919 4323 1019 4385 οίσθα
1042 4322 1077 4385 ἔν
1098 4345 1129 4384 τε
1152 4330 1306 4405 ψυχικαῖς
1328 4318 1514 4395 ἀσθενείαις
1544 4325 1599 4383 καὶ
1619 4332 1807 4402 σωματικοῖς
1828 4321 2089 4409 ἀρρωστήμασιν·

500 4423 547 4490 σίν
569 4425 663 4510 ἀρκεῖ
683 4431 737 4488 καί
758 4427 792 4490 τδ
813 4431 929 4507 ἕτερον,
962 4425 1164 4505 έμποδισμδν
1182 4422 1287 4508 πάσης
1309 4426 1455 4505 πράξεως
1476 4427 1613 4503 έπάγειν
1633 4430 1676 4511 τῶ
1699 4430 1871 4506 πάσχοντι·
1908 4429 1956 4492 ὅτε
1978 4429 2014 4492 δέ
2037 4433 2092 4492 καί

501 4529 669 4614 ἀμφότερα
692 4537 764 4611 περὶ
785 4535 841 4594 τόν
862 4532 920 4593 ἕνα
943 4528 1130 4614 συνδράμη,
1159 4529 1262 4608 χειρός
1285 4531 1379 4601 θείας
1401 4529 1549 4611 ἄντικρυς
1567 4529 1687 4604 ἐκεῖνος
1708 4527 1725 4594 ὐ
1748 4533 1944 4611 ἄνθρωπος,
1978 4533 2012 4608 ὃς
2033 4531 2090 4599 οὐκ

500 4634 601 4709 ἀλλος
631 4657 676 4709 τις
704 4635 831 4715 μᾶλλον
861 4636 882 4715 ἢ
911 4631 928 4694 δ
958 4632 1060 4710 λέγων
1092 4629 1187 4703 αὐτός
1215 4633 1301 4711 είμι,
1336 4635 1391 4693 καὶ
1417 4629 1549 4694 πολλῶν
1575 4630 1677 4710 ἀγίων
1705 4632 1843 4718 δεήσεων
1863 4635 1909 4708 εἰς
1930 4637 2092 4719 βοήθειαν

501 4739 616 4829 χρήζει.
647 4738 787 4804 θούκοῦν
808 4736 973 4821 δφείλουσι
996 4737 1115 4814 πρῶτοι
1138 4735 1172 4799 τό
1195 4729 1451 4812 ἀναγκαιότατον
1472 4741 1560 4801 τοῦτο
1590 4740 1644 4798 καί
1672 4735 1918 4818 χρειωδέστατον
1946 4741 2037 4821 χρέος
2059 4738 2092 4801 οὐ

501 4844 582 4926 πρός
592 4845 704 4920 γένους
713 4865 745 4905 τε
754 4841 895 4923 μάλιστα
908 4842 964 4902 καί
974 4834 1006 4901 οἳ
1017 4838 1228 4922 προσήκοντες
1239 4836 1354 4913 άλλως,
1378 4832 1425 4902 ῶν
1434 4835 1591 4901 ἀπάντων
1605 4838 1788 4922 κεφάλαιον
1804 4844 1859 4924 τήν
1871 4841 1875 4928 Ι
1887 4844 1945 4925 σήν
2032 4841 2091 4908 92²
