4560 6172
346 440 409 504 144
1850 447 1935 517 1⁸2

345 613 415 687 τούς
435 610 611 695 α’νηνύτους
629 611 691 690 είχε
712 610 872 692 πολέμους
893 610 1094 694 ήῬωμαίων
1117 610 1278 696 ήγεμονία,
1310 617 1368 678 νῦν
1389 611 1470 697 ύπὲρ
1492 615 1589 699 αὐτής
1610 615 1693 680 ἐστίν
1714 619 1824 698 ἐτοιμα
1846 639 1931 701 προ-

344 717 494 797 πολεμεῖν
515 739 546 780 τε
568 720 622 778 καὶ
644 714 848 779 κινδυνεύειν.

432 819 508 881 8καὶ
536 823 572 883 τά
603 822 663 900 μὲν
683 819 811 882 ἐκεῖθεν
832 823 979 894 τοιαῦτα,
1009 822 1047 882 τά
1070 820 1099 883 δ’
1121 819 1270 885 ἐντεῦθεν
1291 819 1393 884 πάλιν
1413 821 1530 901 όποτας
1558 825 1740 906 βαρβαρικὰ
1763 828 1823 905 μὲν
1845 845 1933 907 κινη-

341 947 430 1006 ματα
451 922 556 986 πολλοὶ
580 928 635 985 καὶ
656 921 813 998 πολλάκις
834 924 1050 1005 καταδραμεῖν
1072 924 1317 1010 λῃστρικώτερον
1338 927 1376 988 τά
1400 928 1481 1009 πρὸς
1503 927 1593 991 δύσιν
1614 927 1864 1012 ἐπιχειρούντων,
1897 913 1931 989 τύ

343 1027 381 1092 δὲ
402 1027 519 1094 τούτων
541 1028 629 1102 τέλος
650 1027 746 1092 οὐδέν
768 1032 789 1113 ή
809 1028 989 1102 ύπόπτωσις
1010 1028 1184 1103 ἔνσπονδος
1205 1034 1260 1091 καὶ
1286 1029 1441 1118 δουήλείας
1463 1031 1616 1113 ὁμολογία
1645 1035 1722 1113 μετά
1752 1031 1785 1094 τὸ
1854 1031 1931 1096 195²

342 1137 463 1210 γνῶναι
485 1136 539 1195 τόν
561 1134 720 1213 κρείττονα
747 1138 802 1196 καί
825 1136 973 1216 φανερῶς
994 1137 1155 1195 πιστεύσαι
1178 1136 1352 1216 θεομαχεῖν
1380 1138 1450 1209 τούς
1479 1134 1735 1216 ἀνθισταμένους
1764 1140 1800 1224 τῇ
1821 1133 1931 1198 τούτου

343 1237 510 1316 δεσποτεία
532 1240 586 1297 καὶ
605 1237 762 1316 βασιλείᾳ.
798 1236 853 1300 διαὶ
875 1240 964 1299 τούτο
994 1234 1171 1301 κύντεύθεν
1199 1237 1485 1320 εὐαγγελιζομένων
1512 1241 1627 1314 πόδες*
1656 1240 1841 1319 παχύνουσι,
1876 1242 1931 1300 καὶ

342 1341 485 1422 βασιλετς
504 1340 616 1403 έθνόν
637 1341 769 1419 ἄγονται
791 1340 1001 1421 πολλαχόθεν
1022 1341 1237 1423 αἰχμάλωτοι,
1273 1347 1304 1406 σί
1332 1342 1369 1405 δε
1397 1347 1452 1404 καὶ
1473 1346 1697 1427 προστρίχουσι
1719 1347 1813 1405 ποσὶν
1835 1340 1930 1404 αὐτο-

342 1446 466 1527 μάτοις,
488 1446 595 1530 χώρας
616 1444 695 1519 ὅλας
724 1443 958 1526 παραδιδόντες
989 1448 1044 1506 καὶ
1074 1444 1272 1527 ἐξιστάμενοι
1301 1447 1427 1509 πόλεων
1455 1453 1509 1510 καὶ
1530 1447 1700 1532 προσόδων
1729 1453 1783 1509 καί
1805 1445 1928 1529 φόρων,

345 1555 400 1613 καλ
427 1554 463 1639 τῇ
496 1550 626 1613 πάντων
654 1548 809 1637 κρατούση
839 1547 985 1638 ῥωμαϊκή
1005 1548 1174 1630 δυναστείᾳ
1202 1555 1256 1612 καὶ
1277 1553 1333 1625 τός
1354 1551 1477 1615 ἑαυτῶν
1498 1555 1721 1634 προστιθέντες
1742 1554 1822 1613 καθ’
1845 1551 1927 1634 άπερ

345 1654 517 1736 θαλάσσης
538 1652 670 1731 πελάγει
692 1654 846 1731 ποταμῶν
867 1651 1016 1736 ῥεύματα.

432 1758 499 1832 θὼς
521 1761 563 1820 ἂν
584 1757 621 1820 δὲ
649 1755 751 1821 τᾶλλα
774 1761 889 1838 παρεὶς
909 1760 943 1820 τδ
966 1756 1096 1819 πάντων
1116 1756 1253 1837 μάλιστα
1275 1755 1464 1840 πρόσφατον
1492 1763 1546 1820 καὶ
1575 1761 1649 1821 νέον
1677 1759 1839 1840 θαυμάσω
1867 1760 1930 1820 τῶν

345 1868 426 1933 θεοῦ
445 1869 623 1947 τεραστίων,
643 1864 724 1935 τίνες
745 1857 828 1926 οὗτοι
851 1864 905 1922 καὶ
926 1860 1034 1925 πόθεν
1055 1858 1086 1925 οἱ
1106 1859 1286 1938 άλλογενείς
1308 1866 1363 1922 καί
1384 1864 1563 1946 ξενόφωνοι
1568 1890 1581 1940 ,·
1601 1867 1646 1937 τίς
1657 1862 1833 1926 άλλόκοτον
1847 1863 1929 1946 ὄψιν

343 1974 398 2034 καί
420 1970 528 2052 ψυχάς
550 1965 720 2051 θηριώδεις
748 1969 802 2027 καὶ
830 1964 995 2048 σχημάτων
1025 1966 1148 2028 ἄτοπον
1178 1967 1264 2027 θέαν
1292 1965 1371 2029 ούτω
1393 1965 1588 2046 παραδόξως
1609 1967 1751 2050 ήμέρωσε
1774 1972 1827 2028 καὶ
1849 1969 1930 2049 πρὸς

341 2075 376 2137 τό
399 2069 692 2154 α’νθρωπιναίιερον
713 2069 847 2153 ήμειςυε,
878 2070 1093 2152 μεταποιήσας
1115 2067 1264 2151 ολθρόονς
1297 2073 1341 2142 τίς
1370 2069 1452 2133 λαδν
1481 2077 1522 2156 τῷ
1546 2073 1661 2157 κυρίῳ,
1697 2072 1735 2133 ὃν
1758 2070 1815 2134 οὐκ
1837 2071 1927 2148 ἔγνω,

343 2177 553 2261 προσήνεγκας
573 2179 619 2249 τίς
638 2173 803 2258 εἰσήγαγεν
824 2172 920 2236 ἔνδον
941 2173 1108 2256 ἐκκλησίας
1137 2178 1190 2235 καλ
1213 2173 1337 2248 πόλεως
1358 2178 1427 2248 τοὺς
1449 2173 1585 2258 ἐχθρούς
1607 2178 1689 2239 θεοῦ
1710 2199 1741 2237 τε
1764 2180 1819 2238 καὶ
1839 2178 1927 2254 βασι·

343 2282 444 2357 λέωςς
468 2281 472 2366 Ι
494 2276 578 2344 οὗτοι
600 2279 686 2366 (δότε
706 2281 768 2361 γάρ
790 2281 833 2364 τῷ
856 2276 941 2363 λόγῳ
964 2283 1036 2361 περὶ
1057 2276 1162 2344 αὐτῶν
1183 2279 1285 2342 είπείν
1305 2303 1334 2343 τι
1356 2279 1410 2343 διδ
1433 2279 1593 2366 βραχέων)
1615 2279 1714 2353 ἔθνος
1726 2282 1785 2361 μὲν
1852 2281 1930 2345 196¹

343 2383 424 2468 η’σαν
445 2385 588 2459 ἄπιστον,
612 2381 690 2465 ὅπερ
713 2382 852 2456 ἅπαντες
872 2384 946 2459 ἴστε,
978 2382 1076 2457 ἔθνος
1097 2383 1209 2462 δσεβές
1230 2406 1261 2446 τε
1282 2388 1336 2446 καὶ
1358 2385 1493 2465 ἄνομον,
1524 2384 1653 2448 Σκύθαι
1674 2384 1709 2445 τὸ
1731 2387 1822 2461 γένος
1828 2431 1839 2460 ,
1873 2408 1930 2448 νο-

342 2490 446 2572 μάδες
474 2493 529 2552 τόν
558 2491 640 2567 βίον,
670 2487 907 2571 α’πηγριωμένοι
934 2489 968 2550 τδ
999 2484 1099 2570 η’θος,
1131 2488 1278 2570 βδελυροὶ
1308 2492 1362 2550 καὶ
1390 2487 1576 2568 ὐκάθαρτοι
1605 2490 1661 2573 τήν
1689 2487 1771 2572 ζωήν
1800 2493 1853 2550 καὶ
1874 2489 1929 2570 τήν

344 2595 481 2669 δίαιταν,
512 2589 615 2656 τᾶλλα
643 2594 703 2671 μὲν
731 2589 789 2677 (ὡς
816 2594 859 2654 δν
885 2594 970 2654 εἴποι
998 2592 1056 2675 τις)
1086 2588 1216 2666 οὐδενός
1241 2592 1327 2665 ὄντες
1351 2593 1455 2668 ἄξιοι,
1488 2590 1527 2657 οὐ
1548 2590 1656 2670 λόγον,
1686 2590 1724 2657 οὐ
1745 2594 1857 2670 νόμον,
1888 2581 1927 2654 οὐ

344 2702 520 2782 θρησκείαν
541 2694 675 2771 είδότες,
710 2693 816 2759 οὐδενί
842 2696 1002 2769 πολιτείας
1030 2694 1138 2781 τρόπῳ
1168 2699 1375 2776 στοιχούντες,
1404 2695 1510 2760 οὐδενὶ
1537 2702 1616 2779 πρὸς
1645 2692 1802 2778 ὁμόνοιαν
1825 2696 1930 2782 δεσμῷ

344 2800 587 2881 συναπτόμεναι,
609 2803 825 2883 κακουργῆσαι
846 2799 883 2863 δέ
903 2800 1012 2881 χάραν
1035 2804 1090 2861 καλ
1112 2800 1327 2883 καταδραμεῖν
1348 2800 1520 2884 αἰφνιδίως
1551 2810 1605 2864 καί
1626 2804 1664 2865 τά
1688 2802 1723 2865 ἐν
1745 2807 1820 2865 ποσὶ
1841 2802 1931 2864 λείαν

344 2910 471 2969 θέσθαι
503 2909 557 2968 καί
584 2909 746 2988 μαχαίρας
780 2906 873 2985 ἔργον
904 2904 1034 2987 ποιήσαι
1064 2907 1252 2988 μιαιφόνοις
1279 2910 1365 2987 χερσὶ
1396 2907 1428 2968 τδ
1463 2910 1670 2988 παρεμπεσὸν
1702 2905 1812 2981 αὐταίς
1839 2905 1930 2982 ἅπαξ

345 3010 477 3075 πάντων
498 3009 701 3094 εὐφυέστατοι
724 3013 778 3072 καί
799 3008 995 3072 δεινότατοι·
1030 3008 1111 3073 οὕτω
1138 3013 1216 3086 γούν
1243 3013 1297 3072 καὶ
1323 3012 1378 3093 τήν
1398 3010 1509 3092 χάραν
1529 3011 1565 3074 ἐκ
1587 3012 1730 3102 ληστείας
1750 3011 1928 3096 ἐκτήσαντο,

345 3117 385 3198 ἢν
405 3117 570 3200 κατηόκουν
589 3114 635 3188 είς
656 3114 761 3197 δεῦρο,
784 3112 1032 3195 ὐσθενεσιέρους
1050 3115 1145 3187 ὄντας
1164 3115 1236 3189 τούς
1265 3115 1400 3178 ἄνωθεν
1425 3116 1594 3200 οἰκήτορας
1622 3115 1843 3192 ἐξελάσαντες,
1877 3112 1928 3199 ἐφ’

345 3223 400 3297 οἷς
421 3221 459 3288 οὐ
479 3225 594 3304 μικρᾶς
615 3223 699 3294 τινός
720 3228 784 3291 τοϊς
806 3213 911 3280 πάλαι
932 3221 1100 3299 κρατσύσιν
1119 3218 1228 3303 ἐδέησε
1251 3223 1485 3302 πραγματείας,
1518 3219 1591 3283 ἀλλ’
1613 3217 1653 3303 ἢν
1674 3218 1692 3284 δ
1715 3224 1796 3301 πρδς
1818 3218 1930 3295 αὐτούς

345 3326 485 3407 πόλεμος
506 3327 629 3408 ἄπορος
650 3323 702 3387 αἐλ
723 3326 777 3385 καὶ
798 3320 972 3404 α’μήχανος,
995 3322 1191 3386 κλεπτόντων
1214 3321 1368 3407 εὐκαίρως
1388 3325 1444 3397 τὰς
1465 3323 1644 3406 ἐπιδρομάς
1664 3328 1727 3387 τῶν
1745 3327 1929 3406 βαρβάρων,

344 3429 565 3512 εὐκαιρότερον
587 3429 623 3491 δὲ
643 3428 698 3511 τήν
720 3424 841 3490 ἔαυτόν
863 3429 967 3511 φυγήν
990 3428 995 3515 Ι
1020 3430 1074 3488 καί
1097 3424 1291 3509 α’πόδρασιν,
1314 3432 1368 3490 καί
1390 3427 1637 3511 καταδυομένων
1657 3427 1787 3508 ἑτοίμως
1853 3430 1930 3496 196²

346 3535 454 3615 ὥσπερ
474 3532 644 3614 βατράχων
664 3532 709 3605 τίς
737 3531 792 3614 ἐλη
822 3551 885 3594 που
913 3534 968 3593 καὶ
990 3532 1098 3606 νάπας
1120 3536 1172 3594 καλ
1194 3531 1341 3611 τέλματα.
1363 3535 1417 3593 καὶ
1439 3541 1497 3597 νῦν
1519 3531 1556 3595 δὲ
1577 3532 1734 3607 πολλάκις
1755 3534 1930 3614 ἐπείρασαν

344 3642 400 3702 τόν
415 3640 533 3718 Ἴστρον
555 3635 778 3716 διαβαλόντες,
808 3633 844 3709 ὐς
865 3634 976 3710 αὐτούς
998 3635 1171 3719 α’ντιπέρας
1191 3636 1253 3717 ελχε
1276 3638 1479 3720 προσοίκους,
1513 3639 1569 3722 τήν
1590 3635 1744 3721 ἡμετέραν
1766 3646 1929 3700 κακῶσαι·

345 3747 409 3809 πού
429 3747 491 3823 γάρ
512 3742 643 3832 ᾔδεισαν
665 3742 839 3824 ἅνθρωποι
861 3743 962 3824 θηρία
983 3740 1111 3822 μᾶλλον
1137 3740 1353 3824 ήόνθρωποι
1373 3743 1408 3804 τδ
1431 3744 1489 3804 νύν
1517 3741 1663 3804 ἐνταῦθα
1692 3745 1842 3822 κατέχον,
1876 3748 1929 3805 καὶ

344 3846 392 3910 ὅτι
413 3854 446 3910 τό
471 3849 583 3927 κράτος
604 3843 661 3910 οὐκ
682 3842 899 3927 άνθρτόπινον
920 3844 974 3920 ἔτι,
996 3843 1068 3909 ἄλλ’
1088 3845 1124 3908 ἐκ
1152 3847 1235 3911 θεού
1262 3869 1293 3909 τε
1322 3849 1376 3908 καί
1405 3849 1499 3909 θετον
1525 3850 1656 3909 καὶτοῦ
1678 3851 1783 3920 κακῶς
1804 3851 1928 3911 παθεῖν

344 3949 561 4035 ύψηλότερονς
600 3950 691 4024 11’τοὶς
716 3952 776 4031 μὲν
803 3946 862 4012 οὐν
883 3948 986 4024 άλλας
1006 3949 1124 4013 τούτων
1145 3950 1285 4034 ἐφόδους
1306 3950 1353 4024 είς
1374 3949 1468 4016 οὐδὲν
1489 3954 1511 4034 η’
1530 3951 1646 4034 μικρόν
1667 3974 1695 4013 τι
1717 3952 1805 4014 πάνυ
1826 3956 1929 4015 κακόν

344 4054 611 4139 α’ποσκηπιοόσας
634 4052 788 4116 α’νέκοπτε
809 4053 887 4133 ταχύ
910 4059 963 4117 καί
986 4053 1186 4119 σονέστελλεν
1212 4052 1231 4139 ηι
1253 4054 1410 4135 βασιλέως
1438 4056 1645 4138 προμήθεια,
1676 4057 1733 4139 τήν
1760 4059 1796 4132 ἐξ
1823 4056 1930 4141 ὐψους

343 4161 463 4240 ἔχουσα
490 4161 682 4239 σνμμαχίαν,
715 4160 771 4242 τήν
803 4156 937 4242 ἐσχάτην
967 4159 1003 4222 δὲ
1029 4161 1145 4244 ταύτην
1172 4160 1253 4222 καθ’
1274 4159 1364 4243 ήμῶν
1387 4159 1497 4223 ἔλασιν
1518 4160 1539 4243 ή
1559 4159 1686 4240 μᾶλλον
1707 4158 1866 4223 οἷπέλασιν
1887 4160 1930 4235 τίς

344 4263 440 4341 λόγος
454 4268 516 4326 τοῖν
530 4267 611 4326 οἶκοι
625 4302 660 4314 -
680 4261 737 4329 οὐκ
751 4263 825 4326 ολδα
840 4266 868 4325 τί
881 4285 956 4327 ποτε
971 4267 1074 4349 φήσω,
1097 4265 1231 4347 πότερον
1252 4263 1358 4329 αὐτῶν
1380 4263 1511 4328 α’δικίαν
1531 4266 1613 4347 πρός
1634 4265 1752 4340 ἄλλους
1774 4268 1794 4350 ἢ
1815 4264 1929 4348 εἰέρων

342 4369 472 4452 μᾶλλον
502 4368 689 4443 πλεονεξίαν
716 4368 946 4449 ἐπενεχθείσαν
973 4368 1094 4444 τούτοις
1124 4368 1160 4433 ἐκ
1187 4369 1297 4455 τύχηςς
1329 4371 1412 4451 τάχα
1441 4369 1476 4432 δὲ
1504 4366 1588 4435 πολύ
1616 4370 1741 4448 βέλτιον
1764 4373 1928 4452 θειοτέρας

343 4474 454 4536 καλεῖν
476 4474 659 4552 οίκονομίας
681 4473 773 4552 ἔργον
794 4471 828 4534 τδ
851 4475 995 4556 πρᾶγμα,
1019 4471 1083 4557 ήτις
1104 4475 1174 4551 ἄγει
1196 4481 1305 4558 σοφῶς
1327 4479 1382 4537 καί
1404 4476 1543 4554 κυβερνᾷ
1570 4475 1608 4537 τά
1639 4472 1853 4558 α’νθρύπινα,
1888 4475 1929 4539 δι’

342 4577 459 4658 ἑτέρων
480 4580 570 4659 ἔτερα
591 4576 752 4640 πλέκουσα
776 4575 780 4663 Ι
806 4579 860 4639 καὶ
879 4585 945 4651 τοῖς
965 4576 1121 4652 ἐναντίοις
1141 4577 1297 4654 πολλάκις
1326 4581 1363 4643 τά
1386 4578 1516 4658 ἐναντία
1539 4581 1744 4662 περαίνουσα,
1767 4579 1785 4642 ὃ
1851 4581 1929 4646 1971

343 4682 519 4746 κύνταόθα
541 4681 710 4766 προδήλως
730 4681 785 4745 ἐπὶ
804 4679 922 4745 τούτων
943 4684 1190 4768 θαυματουργετ.
1211 4679 1243 4747 οἱ
1263 4672 1323 4765 μὲν
1343 4685 1405 4768 γάρ
1428 4681 1577 4768 ἐπῆλθον
1599 4682 1790 4767 παμπληθεὶ
1811 4684 1929 4759 πάντες

417 4804 629 4873 81εαὶαε5τ,η
