4560 6172
225 533 309 601 τοι
375 612 384 633 ,
1745 538 1808 604 139

223 703 363 788 ζηλώσας
391 704 446 766 τόν
477 699 642 785 ἀγαπητόν
664 712 717 766 καί
738 703 893 782 ἑκοόσιον,
917 707 1045 781 εἰκότως
1067 706 1150 794 αὐτῷ
1174 717 1319 769 κοινωνοί
1339 711 1394 769 καὶ
1414 709 1466 791 τής
1489 705 1710 784 ἀναστάσεως,
1744 731 1813 772 κοι-

224 808 344 893 νωνείή
369 814 497 891 καὶτῆς
519 806 633 889 δόξης,
666 807 862 891 κληρονόμος
882 814 941 891 μὲν
964 815 1062 885 θεοῦ,
1097 811 1348 894 συγκληρονόμος
1370 811 1406 875 δὲ
1427 816 1565 894 Χριστοῦ
1586 814 1665 875 κατά
1734 813 1812 879 1862

221 915 275 975 τόν
297 914 446 977 εἰπόντα*
474 913 642 992 γενόμενος
672 918 725 973 καί
754 914 799 987 είς
827 917 882 999 τήν
910 916 1032 996 χαράν*
1059 920 1114 981 τοῦ
1142 920 1251 998 κυρίου
1281 920 1468 1001 περιφανῶς
1496 917 1664 994 ελσελθόν,
1693 917 1750 1000 τήν
1779 941 1810 981 τε

222 1019 398 1098 νοουμένην
420 1017 543 1102 έκείνην
564 1024 618 1080 καὶ
639 1031 703 1093 τοῖς
725 1017 821 1091 οὕτως
842 1017 1067 1102 εδαρεστήσασι
1088 1019 1201 1100 μόνοις
1221 1017 1462 1104 ήτυιμασμένην,
1495 1025 1547 1082 καὶ
1569 1024 1624 1104 τήν
1646 1025 1704 1088 νῦν
1727 1021 1812 1105 όρω-

220 1123 328 1206 μένην,
354 1122 417 1202 ήτις
439 1128 494 1183 καὶ
516 1122 591 1207 αἰτή
615 1123 712 1201 λόγου
735 1123 871 1203 δύναμιν
893 1121 1029 1202 ἀτεχνῶς
1052 1122 1231 1208 ὑπεραίρει,
1263 1128 1324 1187 κάν
1346 1125 1428 1188 πολὺ
1446 1129 1498 1209 τής
1520 1127 1590 1188 ἀνω
1613 1131 1667 1188 καὶ
1689 1128 1812 1211 πριότης

219 1225 265 1298 είς
288 1222 403 1309 ἡδονῆς
426 1225 522 1302 λόγον
544 1226 693 1290 λείποιτο.
739 1227 888 1307 5μᾶλλον
911 1226 946 1289 δὲ
968 1229 1001 1290 τό
1027 1231 1233 1308 θαυμάσιον·
1258 1230 1318 1309 οόχ
1339 1228 1356 1291 ό
1378 1225 1501 1311 μάρτυς
1522 1231 1624 1293 ἔοικεν
1639 1226 1701 1293 ὦδε
1717 1233 1808 1315 παρὰ

221 1333 264 1412 τῷ
290 1333 386 1414 κυρίῳ
409 1332 618 1406 κατάγεσθαι,
642 1333 685 1406 ὥς
707 1356 750 1407 τις
773 1331 888 1413 ἔπηλυς
911 1334 980 1412 άρτι
1003 1333 1228 1413 παρεισελθών
1243 1337 1349 1396 ποθεν
1364 1333 1498 1409 ἔξωθεν,
1521 1330 1596 1396 ἀλλ’
1611 1333 1706 1408 αότδς
1722 1335 1811 1398 δοκεῖ

222 1435 327 1514 κόριος
348 1437 401 1495 καί
425 1433 576 1518 δεσπότης
596 1439 726 1515 βέβαιος
749 1440 794 1499 τόν
816 1438 870 1498 τὸν
900 1437 1013 1500 ἑαυτοῦ
1043 1436 1198 1520 δεσπότην
1228 1443 1281 1498 καί
1309 1439 1416 1519 κόριον
1444 1437 1696 1519 μεγαλοπρεπῶς
1724 1438 1809 1503 ὑπο-

222 1537 376 1617 δέχεσθαι
399 1543 479 1619 πρός
503 1539 600 1602 αι’·τδν
622 1539 822 1621 ἀφικόμενον
852 1539 887 1615 ἐξ
917 1540 999 1618 ᾅδου
1030 1543 1082 1600 καὶ
1112 1539 1218 1622 τάφου
1246 1542 1323 1621 μετά
1353 1547 1408 1605 τοῦ
1435 1542 1575 1622 μεγάλου
1607 1544 1726 1624 πατρός
1756 1546 1811 1605 τοῦ

219 1644 414 1724 ἐγείραντος*
438 1641 534 1707 αὐτόν
555 1643 590 1706 ἐκ
613 1648 733 1724 νεκρόν
755 1648 808 1704 καί
829 1645 948 1727 μονήν*
972 1645 1060 1724 παρδ
1084 1643 1179 1728 τοότῳ
1202 1649 1257 1708 σῦν
1280 1645 1387 1730 ἐκείνῳ
1410 1647 1588 1729 ποιήσαντα
1611 1650 1688 1708 καθ’
1710 1648 1732 1707 ἀ
1756 1650 1813 1708 καί

219 1747 364 1811 καλεῖται
387 1748 420 1810 τό
445 1747 613 1811 θειότατον
634 1752 721 1814 τοῦτο
744 1753 797 1809 καὶ
818 1748 1010 1829 μαρτυρικόν
1032 1747 1227 1831 ένδιαίτημα,
1250 1749 1268 1831 ή
1291 1753 1345 1813 τοῦ
1362 1753 1441 1813 θεοῦ
1459 1750 1555 1825 πόλις
1578 1751 1665 1834 αῦτη,
1688 1755 1721 1814 τό
1747 1755 1809 1814 τῶν

220 1851 342 1934 ἀρετάν
364 1853 549 1936 οἰκητήριον,
572 1858 625 1936 τής
642 1851 733 1932 Ἐδὲμ
755 1856 788 1915 τό
811 1863 936 1932 χοιρίον,
959 1850 975 1913 ὁ
1000 1852 1195 1932 παράδεισος
1216 1857 1268 1936 τής
1289 1856 1437 1938 τρυφής*,
1459 1856 1496 1916 τδ
1521 1854 1709 1939 η’γαπημένα
1734 1872 1808 1938 σκη-

221 1959 382 2037 νοίματαίί,
416 1957 451 2018 έν
473 1955 518 2030 οἷς
540 1955 702 2021 ἀναπαύει
725 1961 778 2018 καὶ
800 1957 972 2036 θεραπεύει
995 1956 999 2041 Ι
1025 1959 1161 2037 Χριστόν
1188 1955 1205 2018 ό
1236 1956 1378 2041 ἀθλητής
1400 1957 1494 2023 αὐτοῦ
1517 1962 1662 2041 σήμερον,
1731 1961 1808 2025 187¹

219 2060 255 2137 ἐξ
278 2062 321 2123 ἔτι
343 2063 464 2143 θερμής
485 2059 709 2122 ἐπανελθόντα
737 2063 789 2143 τής
817 2063 903 2142 νίκης
933 2063 986 2120 καὶ
1015 2059 1165 2143 λαμπρὸν
1195 2060 1396 2140 έπαγόμενον
1425 2065 1503 2125 κατὰ
1534 2066 1590 2127 τοῦ
1614 2067 1727 2143 πικροῦ
1750 2085 1805 2125 τυ-

221 2165 341 2246 ράννου
363 2166 395 2228 τό
419 2167 581 2246 τρόπαιον,
605 2165 622 2228 ὃ
645 2168 766 2245 μισθόν
788 2163 845 2249 (ὡς
867 2167 909 2225 ἀν
930 2166 1014 2226 εἴποι
1036 2167 1093 2248 τις)
1117 2166 1192 2247 παρ’
1216 2164 1313 2231 αὐτοῦ
1336 2166 1443 2245 λοβόν
1466 2171 1517 2249 τής
1539 2166 1713 2251 ὑποδοχῆς,
1737 2169 1808 2241 τοῦς

219 2270 358 2351 έχθροός
379 2294 410 2333 τε
430 2275 597 2352 τροποῦται
620 2275 674 2333 καὶ
696 2268 790 2342 αὐτὸς
812 2272 890 2330 κατὰ
914 2270 1044 2352 κράτος,
1075 2274 1128 2330 καὶ
1155 2270 1392 2355 τροπαιοφόρος
1421 2271 1569 2336 ἐντεῦθεν
1599 2269 1616 2336 ό
1646 2272 1806 2348 γεννάδας

221 2375 492 2459 προσαγορεύεται.

311 2479 487 2543 6Τοιοῦτον
509 2485 568 2544 νῦν
589 2479 679 2562 ήμῶν
702 2480 734 2540 τό
757 2478 941 2561 μυστήριον·
965 2480 1110 2541 τοσοῦτον
1131 2481 1165 2539 τὸ
1191 2480 1323 2555 θαῦμα·
1357 2478 1455 2550 οὕτως
1478 2477 1624 2563 ἀψευδής
1648 2479 1665 2541 ὃ
1687 2481 1805 2544 είπων*

220 2585 257 2646 τά
282 2584 403 2647 ἐκείνου
425 2586 500 2666 ἔργα
525 2582 669 2666 ποιήσειν
692 2587 744 2644 καὶ
766 2582 893 2662 μείζονα
914 2579 1029 2644 τούτων
1057 2579 1110 2644 τὸν
1140 2580 1224 2666 αὐτῷ
1251 2585 1383 2665 γνησίως
1414 2582 1628 2646 πιστεύσαντα.
1657 2582 1706 2646 ἴδε
1727 2589 1805 2661 γοῦν

222 2689 296 2773 ὅσης
319 2688 429 2773 δόξης,
461 2689 534 2773 ὅσης
558 2688 772 2770 λαμπρότητος
802 2684 819 2748 ό
853 2687 960 2759 πιστός
990 2687 1147 2767 θεράπων
1177 2690 1231 2747 καί
1262 2685 1381 2770 μάρτυς
1403 2690 1455 2768 τής
1476 2685 1634 2764 ἀληθείας
1658 2685 1804 2770 ήξίωται·

221 2794 371 2868 ἰσοθέους
394 2798 568 2875 καρποῦται
591 2794 680 2875 παρά
704 2792 832 2856 πάντων
854 2790 953 2871 τιμάς,
977 2793 1058 2869 τάχα
1082 2789 1118 2852 δέ
1140 2814 1166 2852 τι
1189 2794 1243 2850 καί
1264 2790 1372 2865 πλέον,
1403 2791 1485 2852 κατά
1504 2815 1539 2867 γε
1561 2795 1615 2874 τήν
1637 2797 1804 2875 παροῦσαν

222 2899 383 2972 ἐνταῦθα,
415 2898 444 2959 εί
466 2902 561 2977 θέμις
586 2901 674 2961 τοῦτο
704 2897 815 2971 εἰπεῖν,
849 2894 904 2958 διά
934 2896 988 2957 τὸν
1009 2897 1155 2959 τυσοῦτον
1176 2892 1273 2957 αὐτόν
1293 2895 1515 2975 μεγαλόνανια
1538 2899 1592 2957 καί
1614 2900 1802 2978 τιμήσαντο·

209 3005 255 3091 ,τῇ
278 3002 340 3083 γὰρ
363 3006 414 3084 τῆς
437 3000 605 3082 ἀθλήσεως
628 3001 733 3089 μνήμη
758 3002 922 3078 κατασχών
944 3003 997 3082 τής
1018 3002 1157 3081 μεγίστης
1179 2996 1286 3082 ἑορτῆς
1312 3003 1368 3080 τήν
1389 3003 1574 3082 μεθέορτον,
1605 2999 1705 3065 οῦκέτι
1729 3002 1803 3066 δευ-

220 3107 352 3191 τερεύειν
376 3106 569 3188 λαμπρότητι
592 3108 671 3188 πρός
693 3107 813 3188 ἐκείνην
835 3104 893 3182 ε’ά,
924 3102 1009 3165 ἀλλά
1040 3107 1095 3186 τήν
1123 3105 1182 3181 μὲν
1211 3102 1396 3184 προεόρτιον
1426 3102 1504 3165 ἀνθ’
1526 3103 1633 3188 ἑορτής
1663 3107 1802 3186 βιάζεται

222 3210 335 3286 δείξαι,
358 3211 412 3293 τήν
435 3210 471 3271 δὲ
494 3211 573 3290 πρός
597 3210 600 3251 ¹
624 3211 678 3292 τήν
700 3209 789 3283 τάξιν
811 3208 929 3290 ἐκείνης
951 3205 1074 3284 ἀνάγει,
1097 3211 1151 3267 καὶ
1173 3207 1205 3267 τό
1222 3205 1349 3287 ἀξίωμα
1372 3211 1426 3269 καὶ
1443 3212 1555 3289 σαφῶς
1576 3207 1659 3292 ήμᾶς
1725 3212 1802 3276 187²

220 3318 326 3378 πείθει
349 3314 461 3396 ταύτην
481 3313 607 3394 μᾶλλον
628 3313 737 3392 πάσχα
760 3311 896 3390 νομίζειν
918 3309 1123 3392 πρωτότυπυν
1152 3314 1203 3371 καί
1231 3314 1313 3390 μέγα
1341 3315 1395 3372 καὶ
1423 3312 1542 3392 κόριον,
1572 3313 1650 3376 οὕτω
1680 3338 1801 3378 παντα-

218 3420 321 3500 χόθεν
343 3417 596 3500 ἀστράπτουσαν,
627 3417 791 3489 τοσαόταις
819 3417 855 3478 ἐν
886 3416 990 3501 κύκλῳ
1022 3414 1302 3499 δορυφορουμένην
1330 3425 1398 3487 ταῖς
1424 3416 1559 3496 χάρισιν.
1614 3416 1697 3498 7ἔχει
1725 3425 1801 3496 γοῦν

218 3528 257 3587 τά
279 3528 339 3605 μὲν
360 3523 446 3586 ἄλλα
469 3523 560 3585 κοινά
584 3525 663 3607 πρὸς
683 3522 738 3603 τήν
761 3522 822 3602 πρό
848 3518 959 3603 αότής,
994 3518 1053 3602 ήδύ
1080 3523 1140 3601 μὲν
1169 3517 1301 3603 ῦψόθεν
1330 3519 1551 3601 προσγελῶντα
1573 3525 1627 3583 τόν
1650 3520 1799 3607 οόρανόν,

219 3629 279 3711 ήδύ
301 3628 336 3691 δὲ
358 3627 507 3709 χαμόθεν
529 3627 786 3709 προσμειδιῶσαν
807 3627 863 3708 τήν
884 3629 952 3709 γῆν,
974 3629 1028 3687 τόν
1049 3627 1108 3706 μὲν
1129 3635 1192 3697 τοῖς
1213 3628 1276 3686 τόν
1297 3623 1421 3706 ἄστρων
1444 3625 1580 3687 ἄνθεσιν
1601 3627 1799 3709 ἐστεμμένον,

217 3737 272 3817 τήν
293 3733 329 3797 δὲ
351 3743 415 3805 τοίς
437 3735 499 3795 τόν
521 3730 639 3793 ἀνθῶν
660 3729 806 3812 ἀστράσι·
830 3732 938 3792 κοινόν
960 3728 996 3791 δέ
1018 3733 1072 3790 καὶ
1095 3728 1256 3804 θάλασσα,
1278 3738 1342 3800 τοῖς
1364 3728 1541 3812 πλωτήρσιν
1564 3727 1800 3817 ῦπεστρωμένη*

217 3843 271 3900 καὶ
291 3839 346 3920 τήν
366 3837 458 3921 ὕβριν
480 3834 609 3917 ἀθρόον
630 3839 707 3915 μετά
729 3839 783 3899 τοῦ
799 3836 909 3915 θυμοῦ
924 3834 1147 3898 καταλύσασα·
1171 3834 1279 3895 κοινόν
1294 3837 1347 3893 καὶ
1372 3831 1446 3917 α’ήρ,
1469 3836 1524 3908 τάς
1541 3837 1678 3917 νεφέλας
1694 3837 1799 3920 ὥσπερ

215 3940 346 4025 κηλῖδας
369 3938 427 4024 ἀφ’
448 3942 559 4005 ἑαυτοῦ
581 3938 777 4018 διωσάμενος
801 3945 855 4000 καὶ
878 3941 1022 4018 κοιμίσας
1044 3937 1180 4017 ἀνέμους
1203 3940 1255 3999 καί
1277 3938 1414 4018 κεράσας
1436 3935 1537 4020 ήπίως
1558 3943 1613 4000 καὶ
1634 3944 1800 4026 προσηνῶς

212 4045 344 4109 ἑαυτόν·
369 4046 459 4107 κοινά
484 4045 519 4107 δὲ
542 4049 596 4106 καὶ
617 4041 718 4107 τάλλα
741 4043 778 4106 τά
802 4044 891 4127 παρά
915 4047 967 4125 τής
989 4042 1075 4126 ὥρας
1096 4044 1399 4124 καρποφοροῦμενα,
1422 4036 1468 4102 ὦν
1489 4041 1541 4105 ἐπ’
1562 4046 1628 4128 ἴσης
1644 4045 1799 4110 ἁπάντων

213 4155 251 4241 τῇ
271 4155 446 4239 μαρτυρική
468 4150 569 4238 τελετή
593 4152 674 4229 πρός
695 4145 750 4232 τήν
772 4147 991 4227 ἀναστάσιμον
1012 4149 1159 4225 μέτεστιν.
1190 4145 1274 4223 ὅμως
1303 4147 1411 4223 μέντοι
1439 4145 1527 4209 δοκεῖ
1556 4152 1599 4233 τῷ
1632 4149 1723 4236 διττηῖ
1745 4156 1798 4237 τής

211 4253 395 4328 ῦποθέσεως
418 4253 493 4338 αῦτη
515 4261 566 4337 τής
588 4251 694 4335 ἀπλής
716 4252 834 4336 ἐκείνης
856 4253 1046 4334 προφέρειν·
1075 4253 1102 4310 τί
1123 4251 1200 4330 γάρ,
1224 4249 1253 4310 εί
1274 4252 1329 4333 τήν
1349 4255 1408 4332 μὲν
1430 4253 1564 4333 Χριστός
1585 4255 1686 4333 μόνον
1709 4256 1797 4337 έγερ-

214 4363 292 4434 ἔθείς
314 4361 349 4421 ἐκ
370 4365 483 4440 τάφων
504 4358 649 4434 έόόξασε,
672 4357 773 4439 τήνδε
790 4358 847 4419 σὺν
864 4355 947 4438 αότῷ
962 4352 1044 4417 καὶό
1061 4357 1197 4436 Χριστοῦ
1210 4359 1401 4439 στεφανίτης,
1423 4359 1499 4436 μετά
1514 4362 1651 4439 Χριστοῦ
1720 4363 1797 4428 188¹

211 4469 309 4529 νικῶν
331 4487 361 4527 τε
384 4467 437 4526 καί
459 4462 670 4542 δοξαζόμενος
676 4491 688 4541 ,·
736 4458 809 4523 8ολα
832 4459 868 4521 δὲ
890 4463 943 4521 καὶ
965 4460 1001 4519 τά
1027 4460 1180 4539 θαῦμαια
1202 4463 1254 4541 τής
1277 4459 1511 4544 λαμπροφόρου
1534 4462 1644 4547 ταότης
1666 4462 1795 4546 ἡμέρας.

210 4567 310 4650 δμέν
331 4568 369 4652 δή
393 4564 504 4641 καινός
525 4566 683 4649 οὐρανός,
717 4562 734 4627 δ
760 4562 948 4643 θαυμαστός
970 4564 1048 4634 ναὸς
1069 4556 1173 4636 ου’τος,
1208 4563 1246 4623 όν
1275 4561 1291 4625 ό
1322 4568 1421 4641 μέγας
1441 4564 1539 4627 ολιείν
1560 4570 1796 4653 τροπαιοφόρος

208 4670 367 4759 ειῗδόκησε,
389 4676 519 4754 μεγέθει
542 4676 595 4735 καί
618 4670 730 4733 κάλλει
753 4673 807 4731 καὶ
828 4666 1014 4746 πολυτελείᾳ
1036 4669 1226 4749 κατασκευῆς
1247 4667 1331 4731 πολό
1352 4691 1380 4731 τι
1402 4671 1457 4742 τάς
1479 4670 1582 4745 ἄλλος
1595 4671 1796 4754 ὑπερβαίνων

280 4847 296 4891 ⁴
314 4826 384 4882 Rom
404 4831 427 4893 8,
448 4824 640 4892 17'14M8sth
660 4842 698 4891 25,
717 4843 745 4878 21
763 4824 795 4889 Ις
817 4819 913 4885 (³211,
935 4839 946 4872 1
969 4819 975 4888 1
996 4837 1008 4886 5
1029 4819 1136 4874 Iohann
1156 4838 1193 4884 ις,
1213 4838 1241 4886 ²3
1264 4818 1269 4890 Ι
1291 4839 1304 4888 5
1325 4819 1416 4876 Genea
1434 4843 1457 4884 2,
1477 4841 1503 4888 15
1527 4826 1533 4886 Ι
1554 4840 1566 4889 5
1587 4822 1678 4877 Psalm
1698 4842 1767 4896 πγτ
1788 4825 1793 4899 Ι

206 4898 349 4954 610hann
371 4917 407 4963 ις,
428 4917 456 4952 12
472 4903 477 4963 Ι
494 4917 507 4963 7
526 4896 732 4968 όπιστρωμμένη
751 4893 945 4964 apographum
962 4893 997 4961 18
1016 4910 1031 4960 9
1050 4914 1081 4937 =
1103 4908 1155 4961 cap
1176 4895 1228 4957 182,
1247 4909 1259 4959 ς
1281 4897 1296 4944 6

1430 4999 1506 5070 τεν»
