4560 6172
1752 504 1796 569 ‘15

203 671 285 755 μηδὲ
307 668 391 733 θεόν
412 687 493 752 φασι
515 668 692 750 μάχεσθαι.
737 670 949 753 Βσυγγνῶμην
971 669 1028 737 σύν
1048 669 1143 758 ταύτῃ
1173 676 1228 734 καὶ
1255 671 1350 745 αὐτὸς
1376 669 1484 744 διδούς
1511 669 1706 749 ἀναγκαίαν,
1736 694 1794 756 φι-

203 772 477 855 λανθρωπότερον
498 777 565 855 χρῶ
587 777 631 856 τῶ
654 773 805 862 λατρεοτη*
827 777 879 858 τῆς
902 773 1059 858 ἀνάγκης,
1092 777 1263 856 συγχωρῶν
1293 775 1376 837 ἔστιν
1404 771 1443 839 ού
1464 778 1519 836 καὶ
1540 775 1744 858 παραδακείν
1765 799 1794 839 τι

199 875 316 957 βραχύ,
339 875 444 957 ῶσπερ
467 883 568 938 ἵππον
589 875 843 959 ἀχθοφορούντα
864 877 1005 960 δπιεικης
1026 877 1186 960 έπιβάτης,
1209 878 1286 961 ἤ-
1310 879 1344 940 τδ
1367 877 1545 959 γραφικόν*
1567 884 1621 939 καί
1644 878 1793 962 ἡμέτερον

202 1018 246 1028 -
268 976 311 1053 ῶς
332 982 410 1059 βούν
432 977 581 1043 ἀλοῶντα
602 982 739 1059 γεωργός
759 978 1004 1060 μεγαλόψυχος·
1028 982 1057 1041 τί
1068 981 1130 1059 γάρ
1144 979 1193 1041 δεῖ
1208 986 1371 1059 πανταχοῦ
1385 984 1440 1043 τδν
1454 981 1588 1061 χαλινδν
1601 980 1794 1064 ἀνακρούειν

203 1086 223 1165 η’
244 1090 299 1165 την
322 1083 480 1163 φορβειάν
501 1083 712 1164 έπισφίγγειν,
736 1083 812 1145 δέον
825 1108 853 1146 τι
867 1088 997 1163 μετρίως
1010 1081 1192 1158 ὐπανιέναι,
1215 1084 1258 1144 ίν’
1271 1083 1402 1155 ἑκόντας
1416 1081 1508 1159 δλίγα
1524 1085 1793 1163 παρακλέπτωσιν

199 1187 416 1269 εὐγνωμόνως,
440 1193 492 1250 καὶ
514 1210 557 1269 μη
575 1189 629 1272 βίᾳ
644 1188 714 1259 τοὺς
728 1186 857 1267 δεσμοὺς
869 1177 1118 1269 ἀπορρήξαντες,
1141 1183 1287 1249 ἀκόντων
1300 1184 1447 1269 ἀνέδην*
1470 1178 1576 1250 πάντα
1590 1186 1793 1270 λαφύσσωοι,·

201 1296 290 1356 τοῦτο
311 1291 374 1373 γάρ
395 1295 448 1375 τῆς
470 1289 613 1371 ἀνάγκης
626 1289 763 1368 ἀτεχνῶς
781 1288 876 1365 ἴδιον,
899 1291 939 1371 ἢν
952 1288 1046 1363 αὐτὸς
1060 1289 1246 1373 φιλοτιμίαν
1261 1291 1412 1373 ποιήσεις,
1432 1290 1558 1371 μᾶλλον
1573 1289 1609 1352 δὲ
1624 1289 1793 1371 πρόνοιαν,

202 1392 346 1465 ένδιδούς
367 1394 406 1455 w>
428 1391 547 1474 μικρά,
581 1390 624 1464 ῶς
652 1390 863 1472 εὐλογώτερον
893 1394 975 1472 ἔχοις
1004 1395 1067 1454 τῶν
1096 1389 1251 1472 μειζόνων
1280 1393 1447 1476 ἀνείργειν.
1501 1392 1620 1468 ιούτως
1650 1390 1710 1457 ούν
1736 1395 1792 1476 τὴν

200 1495 304 1577 ἀρχὴν
325 1497 504 1576 οἰκονομῶν
524 1496 561 1558 έν
583 1498 714 1579 συνέσει,
735 1494 893 1577 εύαρέστει
915 1496 1061 1558 ἐναντίον
1085 1499 1164 1560 θεοῦ
1186 1500 1240 1557 καὶ
1262 1494 1464 1576 ἀνθριόπων.

289 1599 404 1686 1135.
428 1600 476 1670 λς.
502 1598 731 1681 1Ἐπειράσθης
745 1601 815 1678 μέν,
839 1596 911 1660 ἀλλ’
925 1598 1123 1682 έβοηθηθης.
1148 1597 1376 1682 ἐδοκιμάσθης,
1399 1597 1472 1660 ἀλλ’
1483 1595 1538 1663 οὐκ
1551 1597 1645 1683 έγιια-
1734 1599 1791 1664 83¹

201 1701 381 1786 τελείφθης.
403 1703 602 1786 παρεδόθης,
625 1701 696 1765 ἀλλ’
719 1698 776 1765 οὐκ
797 1701 844 1774 είς
865 1700 960 1774 τέλος.
1006 1698 1047 1763 ’δ
1067 1702 1129 1783 γάρ
1151 1698 1261 1784 σφ’ζων
1282 1700 1433 1780 έτάχονε,
1465 1705 1519 1763 καὶ
1542 1699 1560 1762 ό
1583 1699 1791 1783 λυτρούμενος

201 1804 259 1868 οὐκ
275 1804 457 1886 ἐμέλλησεν.
487 1807 605 1880 έκετνα,
627 1805 852 1888 τῆςέπηρείας·
875 1809 984 1878 ταῦτα,
1007 1807 1059 1886 τῆς
1071 1802 1284 1887 ἀγαθότητος·
1306 1805 1423 1879 έκείνα,
1446 1808 1499 1888 τῆς
1513 1803 1597 1867 κάτω
1612 1807 1793 1889 περιφοράς

201 1914 255 1970 καὶ
276 1909 465 1987 συγχύσεως·
500 1915 614 1992 ταῦτα,
644 1912 698 1990 τῆς
728 1909 861 1970 ἀνωθεν
889 1907 1078 1990 κηδεμονίας
1106 1911 1160 1967 καὶ
1182 1909 1319 1988 χάριτος.
1365 1905 1479 1987 8χάρις
1500 1904 1556 1969 σύν
1579 1912 1633 1968 καὶ
1654 1909 1724 1992 τιμῆ
1748 1910 1792 1993 τῷ

200 2016 264 2074 τῶν
286 2012 420 2073 δικαίων
443 2015 523 2095 θεῷ,
546 2011 593 2074 ὅτι
616 2011 812 2091 παραδόξως
839 2011 989 2090 ἐρρύσατο
1012 2012 1066 2073 τὸν
1092 2009 1205 2076 ἑαυτοῦ
1234 2012 1378 2074 δίκαιον·
1405 2010 1452 2082 είς
1481 2009 1520 2072 δν
1549 2010 1716 2090 ἐλπίζομεν
1744 2011 1791 2074 δτι

200 2121 256 2178 καὶ
276 2118 318 2179 ἔτι
342 2115 479 2200 ῥύσεται·
514 2113 631 2177 πολλαί
660 2117 720 2195 γάρ
751 2110 787 2176 αἶ
817 2115 950 2194 θλίψεις
970 2117 1033 2176 τῶν
1060 2113 1204 2189 δικαίων,
1236 2113 1316 2194 ὅπερ
1339 2111 1501 2189 ἀκούεις*,
1524 2113 1598 2175 ἀλλ’
1619 2115 1654 2177 έκ
1676 2118 1792 2178 πασῶν

198 2219 303 2284 αὐτῶν
323 2221 430 2302 (φησί)
453 2217 576 2300 ῥύσεται
599 2215 711 2290 αὐτούς
743 2216 760 2279 δ
785 2218 897 2295 κύριος.
955 2217 997 2278 ⁴3
1026 2217 1065 2301 δη
1094 2219 1151 2281 νύν
1182 2216 1336 2301 έμφανῶς
1369 2217 1423 2280 §m
1453 2220 1509 2282 σοῦ
1541 2217 1792 2300 πεπληρωμένον

200 2320 334 2402 δρῶμεν,
369 2320 449 2401 ὑπὲρ
472 2316 511 2386 ού
532 2326 586 2382 καὶ
607 2320 732 2399 μᾶλλον
754 2319 838 2400 ἡμᾶς
859 2318 1051 2400 εὐχαριστείν
1073 2320 1223 2402 προσήκει
1252 2325 1307 2383 καὶ
1330 2323 1451 2403 χαίρειν
1473 2323 1493 2404 η’
1514 2320 1566 2403 ἐφ’
1589 2319 1635 2393 οίς
1656 2321 1791 2402 έπειρά-

200 2428 325 2506 σθημεν
348 2427 510 2486 ἀνιᾶσθαι
532 2428 586 2485 καί
608 2423 839 2502 δυσχεραίνειν·
863 2421 896 2486 τὸ
918 2427 978 2498 μὲν
998 2423 1060 2505 γάρ
1083 2426 1193 2486 κοινδν
1214 2421 1290 2507 η’μίν
1312 2425 1392 2504 πρὸς
1414 2423 1570 2498 πολλούς,
1605 2426 1659 2488 τού
1678 2423 1714 2485 δὲ
1736 2429 1791 2487 καὶ
1817 2410 1831 2435 ’

200 2529 407 2591 παντάπασιν
429 2525 530 2603 δλίγοι
551 2527 775 2605 τυγχάνουσιν·
800 2527 868 2588 ἐπεὶ
892 2530 946 2587 καί
968 2525 1082 2589 πολλοὶ
1103 2531 1163 2605 μὲν
1185 2527 1359 2607 ἀνθρωποι
1380 2528 1534 2608 παθητοί,
1565 2526 1731 2608 θεοφιλεῖς
1754 2526 1791 2589 δὲ

199 2629 301 2707 δλίγοι
325 2634 379 2691 καὶ
401 2634 454 2712 τῆς
476 2631 603 2692 ἐκεῖθεν
623 2629 710 2704 ἀξιοι
731 2633 886 2712 βοηθείας
907 2630 943 2691 έν
966 2628 1072 2704 δξέσιν
1094 2629 1176 2693 ούτω
1198 2630 1364 2703 κινδύνοις.
1423 2627 1659 2709 ὁἐκλαθόμενοι
1683 2632 1790 2693 τοίνυν

198 2738 262 2796 τῶν
284 2733 419 2795 κατόπιν
441 2733 603 2815 ἀνιαρῶν,
636 2742 701 2805 τοϊς
727 2734 940 2814 χρηστοτέροις
966 2731 1012 2804 είς
1034 2731 1171 2810 δύναμιν
1192 2731 1319 2805 ἑαυτοὺς
1342 2732 1579 2813 ἀνακτιόμεθα,
1612 2727 1658 2794 ῶν
1677 2756 1709 2795 τε
1731 2755 1791 2795 ns-

201 2838 388 2916 πειράμεθα
411 2837 470 2919 η’δη
495 2836 550 2898 διδ
576 2835 580 2922 Ι
605 2836 659 2898 τδν
681 2835 840 2919 σῴσαντα,
864 2839 917 2895 καὶ
939 2830 985 2896 ῶν
1008 2832 1236 2915 προσδοκῶμεν
1264 2836 1310 2908 εἰς
1332 2839 1366 2899 τδ
1389 2834 1461 2918 ἑξῆς
1482 2835 1645 2919 πειραθη-
1733 2837 1791 2902 832

200 2944 316 3001 σεσθαι
339 2939 393 3002 διά
416 2944 472 3022 την
493 2938 614 2999 ἐκείνου
637 2940 908 3020 φιλανθρωπίαν·
944 2935 1073 3010 πάντως
1100 2939 1162 3018 γάρ
1189 2937 1245 3002 οὐκ
1274 2939 1416 3023 ἐκλείψει
1438 2941 1472 3002 τὸ
1493 2939 1615 3001 ἐκείνου
1637 2939 1790 3002 πλούσιον

199 3042 287 3115 ἔλεος
309 3042 344 3104 έκ
367 3046 428 3105 τῶν
451 3042 531 3104 κατά
554 3044 589 3102 σε
612 3043 824 3124 φοβουμένων
846 3044 901 3101 καὶ
923 3038 1124 3117 ἀγαπῶντων
1144 3038 1253 3104 αὐτόν.
1308 3041 1494 3125 6τοιγαροῦν
1515 3042 1639 3119 γένοιτό
1657 3065 1712 3122 μοι
1736 3046 1791 3106 καί

200 3145 302 3208 πάλιν
324 3144 459 3224 αὐτοψεί
487 3162 522 3206 σε
544 3141 751 3219 θεάσασθαι,
781 3147 836 3226 την
866 3145 929 3206 τῶν
958 3143 1045 3224 έμῶν
1073 3141 1226 3223 ἀμμάτων
1254 3145 1394 3228 τρυφήν,
1431 3148 1494 3208 τῶν
1522 3145 1711 3226 συμβάντων
1740 3162 1790 3209 σοι

198 3249 330 3311 πάντων
351 3251 556 3328 σκυθρωπῶν
576 3244 832 3327 ἐπιλελησμένον.

289 3354 382 3419 136.
414 3350 457 3423 λζ.
494 3347 573 3411 Ὀία
604 3349 702 3429 δρᾷς,
738 3346 766 3410 ῶ
793 3351 975 3428 θαυμάσιες
1007 3348 1131 3424 ἀδικεῖς
1158 3353 1214 3434 τὴν
1237 3342 1334 3436 φίλην
1356 3350 1573 3434 φιλοσοφίαν,
1604 3349 1791 3433 ἀποστερῶν

199 3452 295 3536 αὐτην
329 3455 483 3536 κτήματος
512 3452 666 3516 ἀπάντων
699 3451 984 3533 προσφιλεστάτου.
1017 3455 1100 3527 τίνος
1128 3454 1169 3536 δη’
1198 3475 1280 3537 φημι
1310 3454 1434 3532 τούτους
1465 3457 1519 3536 τῆς
1551 3454 1721 3534 εὐτελείας,
1751 3455 1791 3536 ἢν

199 3555 274 3640 αὐτη
297 3558 418 3636 κόσμον
439 3557 524 3619 ἴδιον
544 3555 657 3637 ἑαυτῆς
678 3564 814 3617 ποιεῖται
839 3554 1068 3637 διαφερόντως,
1091 3558 1171 3617 καθ’
1195 3555 1218 3617 ἀ
1240 3578 1320 3630 τινες
1340 3557 1436 3619 ἄλλοι
1457 3556 1642 3620 τούναντίον
1660 3557 1695 3620 έκ
1715 3557 1791 3620 δια-

198 3665 314 3740 μέτρου
347 3660 553 3722 πολυτέλειαν
583 3664 637 3720 καὶ
664 3657 837 3741 άβρότητα·
877 3655 912 3739 ἧς
939 3658 955 3719 δ
995 3659 1153 3739 βέλτιστος
1183 3660 1220 3723 σύ
1249 3665 1443 3739 παραγεόειν
1471 3662 1556 3744 η’ρξω
1584 3664 1640 3743 την
1671 3659 1790 3743 ἀφελῆ,

199 3764 367 3826 έκδιαιτῶν
400 3763 506 3843 ῶσπερ
533 3761 627 3848 ταύτῃ
659 3767 713 3822 καὶ
742 3760 909 3833 ἀπεθίζων
937 3763 971 3824 τδ
1001 3766 1138 3843 μέτριον.
1166 3767 1221 3824 καί
1250 3766 1279 3824 τί
1307 3768 1369 3842 γὰρ
1402 3763 1475 3825 ἀλλ’
1500 3766 1521 3846 ἢ
1547 3775 1612 3837 τοῖς
1640 3763 1790 3838 τοιούτοις

200 3868 447 3951 φιλοτιμημασιν
471 3867 516 3937 είς
538 3866 724 3950 φιλοτιμίαν
745 3863 847 3926 έλκων
863 3863 918 3946 την
940 3863 1150 3946 ἀφιλότιμον,
1182 3865 1269 3927 2ἐπεὶ
1290 3868 1396 3927 τοίνυν
1418 3865 1528 3940 ἔδοξεν
1548 3865 1643 3942 οὕτω,
1666 3866 1792 3945 δέχεται

197 3975 258 4050 μὲν
278 3971 312 4033 τδ
336 3992 442 4050 παρον
465 3970 519 4032 διά
542 3973 598 4052 τη“ν
619 3969 733 4053 φιλίαν
756 3968 799 4040 ῶς
820 3969 910 4047 παρά
935 3968 1048 4052 φίλου,
1079 3980 1280 4048 παραιτεῖται
1310 3968 1345 4030 δέ
1373 3973 1407 4030 τδ
1428 3968 1549 4047 μέλλον
1571 3968 1615 4042 ῶς
1638 3969 1791 4051 φορτικόν

199 4079 253 4135 καί
276 4072 314 4136 οὐ
336 4080 391 4155 την
412 4075 589 4155 ουνύθειαν
611 4071 723 4154 μόνον,
747 4071 831 4133 ἀλλά
851 4071 856 4152 Ι
877 4075 931 4132 καί
953 4076 1007 4154 την
1030 4071 1169 4151 δύναμιν
1191 4068 1286 4154 αὐτῆς
1307 4070 1512 4151 ὐπερβαίνον.
1556 4070 1647 4134 8ιδστε
1733 4073 1791 4138 84¹

198 4176 322 4261 φείδου,
345 4175 590 4256 φιλοδωρότατε,
613 4176 727 4258 φείδου
749 4196 804 4252 μοι
825 4181 877 4257 τη”ς
900 4179 956 4256 σῆς
977 4172 1123 4256 ἀπειλῆς·
1142 4178 1170 4237 τί
1190 4176 1253 4254 γδρ
1275 4176 1313 4235 τοὶ
1336 4174 1440 4251 ἀλογα
1463 4176 1543 4253 πρὸς
1566 4177 1636 4246 τούς
1658 4174 1790 4255 λο’γονς,·

197 4278 241 4353 ῶς
265 4283 303 4341 τά
326 4281 431 4359 ἀχυρα
455 4282 535 4358 πρὸς
555 4291 609 4341 τὸν
632 4290 734 4342 οττον·
766 4276 859 4358 ἀρκεί
876 4283 938 4359 γάρ
962 4279 1037 4359 ἡμῖν
1059 4276 1131 4339 ἀντὶ
1152 4267 1257 4360 πάσης
1278 4275 1378 4359 ἀλλης
1400 4274 1637 4359 φιλοφροσύνης
1658 4278 1692 4339 τδ
1717 4282 1790 4361 περί

198 4386 254 4446 σού
275 4386 328 4464 τῆς
349 4381 445 4464 φίλης
469 4384 573 4464 ψυχῆς
597 4382 652 4444 διά
676 4380 794 4453 παντός
815 4379 942 4445 ἀκούειν
963 4366 1204 4463 τάπροσφιλῆ,
1229 4377 1324 4441 ἀτινά
1345 4378 1428 4441 ἐστιν
1450 4376 1539 4454 ύγεία
1562 4385 1615 4439 καί
1635 4378 1789 4460 εὐθυμία,

197 4487 235 4549 τά
260 4491 370 4566 πρῶτα
400 4491 454 4546 καί
484 4489 615 4566 μέγιστα
642 4484 720 4565 μετά
751 4487 785 4546 τδ
816 4490 941 4564 πρῶτον
970 4490 1024 4546 καί
1048 4489 1131 4565 μέγα
1157 4523 1192 4534 -
1232 4485 1286 4566 την
1307 4478 1434 4557 εὐεξίαν
1455 4480 1537 4558 λέγω
1560 4482 1615 4563 τὴν
1638 4486 1790 4568 ψυχικήν,

197 4589 236 4672 ἢν
258 4588 389 4650 πάντων
409 4588 546 4667 μάλιστα
570 4595 619 4649 σοί
642 4586 774 4651 πιστεύω
799 4598 973 4667 προσεῖναι.
1017 4592 1185 4670 τοιγαροῦν
1206 4591 1337 4671 προσείη
1352 4584 1496 4665 κάκεῖνα,
1518 4591 1573 4648 ίνα
1596 4585 1690 4675 ταύτη
1712 4590 1791 4662 γοῦν

196 4692 332 4773 ἄμεινον
354 4697 407 4752 καλ
429 4695 467 4753 τά
490 4692 624 4773 ἢμέτερα
646 4692 722 4770 ἔχοι.
765 4689 834 4763 4ῶς
864 4695 921 4754 νῦν
946 4713 991 4767 γε,
1023 4695 1169 4773 πονήρως
1202 4696 1256 4754 καὶ
1284 4688 1432 4769 χαλεπῶς
1458 4687 1670 4769 διακείμεθα,
1699 4689 1739 4752 τό
1759 4710 1792 4751 τε

268 4812 356 4880 30οτ
374 4833 392 4864 α
409 4832 434 4879 9,
452 4832 467 4879 9
487 4812 599 4866 Timoth
620 4832 638 4863 α
656 4829 681 4878 5,
701 4812 927 4881 ιςΙς-[ιοςοτδο
946 4813 1102 4882 Symmicta
1120 4815 1134 4867 1
1154 4819 1192 4878 18,
1210 4832 1239 4881 45
1258 4814 1292 4882 Ιχ
1311 4811 1404 4865 Ρεολιπ
1422 4811 1456 4880 λγ
1475 4828 1505 4863 20

1436 4912 1505 4983 10*
