4560 6172
205 575 282 642 17⁷
1717 573 1779 638 105

203 746 370 829 σωτηρίας,
401 745 422 829 ῆ
451 748 504 805 καί
526 741 718 825 θελήσαντες
739 744 787 830 (τὸ
808 744 870 827 γάρ
893 743 1116 829 ἀναμάρτητον
1138 741 1195 810 οὐκ
1217 742 1444 826 ἀνθρώπινον)
1474 739 1583 808 αὐτίκα
1604 744 1780 824 μεταγινά-

202 868 339 930 σκωμεν·
362 851 415 910 καὶ
437 849 470 910 τδ
493 851 561 910 πᾶν
581 845 657 930 ήμίν
677 851 739 923 έξει
757 847 863 921 καλιῦς
883 870 915 910 τε
937 852 990 908 καί
1000 850 1169 931 σωτηρίως,
1192 850 1246 932 τῆς
1266 846 1432 931 ἀγγελικῆς
1452 870 1484 910 τε
1505 850 1558 908 καὶ
1582 850 1676 920 θείας
1697 868 1778 929 προ-

203 956 293 1027 νοίας
314 951 526 1034 ἀξιουμένοις.
556 949 628 1014 ἀλλ’
655 949 687 1014 οἳ
713 955 774 1033 μὲν
802 954 898 1017 ταῦτα
927 951 1035 1014 πάντα
1066 959 1120 1013 καί
1149 950 1260 1040 πολλῷ
1288 951 1385 1015 πλείω
1409 951 1414 1038 Ι
1438 951 1636 1015 συντελοῦσιν
1701 953 1778 1019 130¹

200 1055 276 1139 ήμῐν
297 1061 376 1120 κατὰ
400 1055 507 1118 πάντα
529 1056 645 1136 χρόνον
667 1059 721 1116 καὶ
741 1054 870 1138 τρόπον,
894 1052 981 1137 ήμετς
1003 1055 1031 1118 δ’
1054 1054 1164 1129 αὐτούς
1185 1057 1323 1140 σήμερον
1344 1053 1580 1136 ύποδεξάμεθά
1600 1077 1631 1117 τε
1645 1058 1778 1139 γνησίως

201 1166 254 1223 καί
275 1164 338 1224 τοῖν
359 1162 514 1224 τοσούτων
535 1162 671 1239 χαρίτων
697 1159 733 1220 έκ
759 1161 876 1240 μέρους
897 1157 940 1232 ῦς
961 1159 1035 1222 ένδν
1057 1158 1297 1242 ἀμειψόμεθα,
1330 1162 1439 1224 πάντα
1466 1164 1520 1222 καὶ
1540 1162 1703 1233 ποιοῦντες
1724 1165 1778 1221 καί

202 1264 342 1342 λέγοντες
364 1263 444 1344 πρδς
465 1267 519 1346 τήν
541 1260 644 1328 αὐτῶν
666 1266 847 1345 θεραπείαν
869 1266 923 1324 καί
943 1263 1077 1347 μηδενὸς
1099 1260 1292 1344 ἀπεχόμενοι
1314 1302 1355 1314 -
1377 1265 1420 1348 μή
1436 1265 1539 1347 ἔργου,
1557 1266 1600 1348 μή
1616 1262 1712 1340 λόγου
1738 1303 1772 1314 -

201 1371 264 1430 τιῦν
284 1368 330 1440 είς
351 1370 438 1432 τοῦτο
461 1367 635 1449 φερόντων,
668 1372 723 1428 ίνα
752 1370 806 1428 καί
833 1367 865 1428 τδ
896 1366 1015 1447 μέλλον
1043 1368 1192 1432 έντεῦθεν
1222 1368 1277 1430 έπί
1305 1368 1432 1450 μᾶλλον
1452 1367 1576 1441 έαυτστς
1596 1364 1631 1431 εὖ
1655 1371 1776 1447 θῶμεν,

202 1470 420 1558 εὐγνωμοσύνῃ
443 1471 545 1550 τελείᾳ
565 1469 754 1550 τελεωτέραν
785 1471 912 1533 έκετθεν
941 1473 995 1552 τῆν
1023 1472 1150 1535 εὔνοιαν
1177 1470 1403 1552 ἐκκαλούμενοι
1435 1475 1489 1533 καὶ
1519 1476 1779 1554 προθυμοτέρους

204 1577 411 1648 καθιστάντες
434 1571 543 1644 αὐτούς
565 1570 668 1660 [πρὸς]
702 1576 757 1655 τήν
778 1573 823 1645 είς
851 1570 935 1656 ῆμᾶς
961 1573 1156 1654 έπιμέλειαν,
1186 1575 1204 1637 δ
1233 1579 1414 1656 κατορθοῦν
1441 1574 1527 1637 οίδεν
1558 1574 1654 1649 οῦτως
1685 1574 1779 1640 οὐδέν

204 1678 247 1753 ιῦς
269 1679 453 1761 καθαρότης
474 1699 505 1740 τε
524 1679 597 1755 βίου
620 1680 673 1737 καὶ
696 1675 855 1748 πολιτείας
876 1676 1074 1760 λαμπρότης,
1107 1680 1160 1761 τῆς
1182 1675 1345 1761 ἀγγελικῆς
1367 1678 1458 1762 (ὅσον
1480 1679 1589 1762 θέμις)
1611 1678 1778 1760 έξεχομένη

204 1783 376 1868 μιμήσεως,
406 1777 426 1872 ή
448 1785 502 1843 καὶ
523 1778 648 1860 μᾶλλον
669 1785 731 1841 τῶν
754 1779 862 1842 ἄλλων
882 1783 1047 1862 χαίρουσιν
1069 1780 1197 1857 ἄγγελοι
1218 1787 1271 1844 καί
1293 1783 1354 1864 πρδ
1376 1787 1494 1846 τούτων
1509 1782 1597 1858 θεός,
1620 1780 1779 1867 ήάληθής

207 1888 398 1970 καθαρότης,
422 1881 459 1949 οῦ
478 1884 512 1946 τδ
536 1883 708 1964 πρόσωπον
730 1879 814 1947 οὗτοι
836 1882 891 1945 διό
909 1884 1026 1957 παντδς
1042 1884 1211 1964 βλέπουσι*
1233 1886 1312 1946 καθ’
1328 1884 1405 1947 ὅσον
1427 1885 1534 1959 αὐτοῖς
1555 1885 1617 1947 έστλ
1638 1883 1779 1970 χωρητόν

205 2014 236 2053 τε
258 1995 311 2052 καί
333 1989 488 2072 φορητόν·
523 1986 552 2048 εί
579 1990 639 2065 γάρ
668 1990 719 2046 καὶ
747 1981 823 2067 ήμῒν
852 1986 936 2048 κάτω
959 1988 1112 2062 σύνεισιν,
1143 1984 1214 2049 ἀλλ’
1237 1985 1311 2051 οὐδὲ
1331 1989 1387 2072 τήν
1407 1989 1476 2051 ἀνω
1500 1994 1554 2050 καί
1574 1987 1668 2068 μείζω
1689 1987 1780 2064 τάξιν

205 2094 413 2168 ἐκλείπουσιν,
436 2089 591 2174 ἀμηχάνῳ
612 2092 697 2168 τάχει
718 2094 778 2151 τινί
798 2094 869 2169 περὶ
891 2091 945 2172 τήν
967 2093 1087 2174 κίνησιν
1107 2089 1272 2172 χρεόμενοι,
1294 2096 1349 2153 καί
1361 2095 1523 2172 πανταχοῦ
1538 2094 1598 2172 μὲν
1613 2096 1779 2172 παρόντες,

206 2198 413 2282 ἀφεστηκότες
436 2195 441 2283 Ι
465 2194 493 2257 δ’
516 2192 558 2257 αύ
579 2192 786 2272 οὐδαμόθεν,
817 2192 901 2255 ἀλλα
924 2198 967 2279 τρῖ
990 2194 1159 2277 πληρούντι
1181 2196 1214 2258 τό
1239 2198 1307 2258 πᾶν
1328 2195 1364 2258 ἐν
1386 2202 1480 2260 παντὶ
1502 2196 1658 2279 λατρεύ·Ι
1703 2198 1780 2262 131¹

208 2324 294 2376 οντες
313 2302 417 2387 τόπῳ·
439 2297 689 2380 περιγράφονται
710 2295 774 2378 γάρ
795 2318 873 2372 πως,
895 2300 936 2359 ἵν’
958 2297 1054 2371 οῦτως
1076 2301 1166 2375 είπω,
1187 2300 1244 2382 τῆν
1264 2296 1386 2375 οὐσίαν,
1409 2298 1448 2362 οὐ
1469 2300 1526 2384 τήν
1545 2299 1695 2384 δξύιηια·
1725 2299 1779 2362 διὰ

208 2410 295 2472 τοῦτο
318 2403 473 2475 κάκείνως
495 2401 691 2482 έντροφιῦσιν
713 2398 763 2462 ἀεὶ
784 2411 848 2472 τοῖς
869 2406 1039 2483 μακαρίοις
1060 2403 1213 2483 θεάμασι,
1237 2405 1290 2463 καί
1311 2399 1387 2486 ήμϊν
1408 2404 1504 2468 οὐδέν
1526 2400 1614 2486 ῆττον
1635 2404 1780 2468 ένταῦθα

210 2509 469 2592 προσεδρεύοντες
491 2504 646 2583 πάρεισιν,
669 2501 726 2581 οὐχ
748 2501 856 2578 ἀπλιῦς
877 2505 1039 2585 ε’πίκουροι
1060 2505 1171 2587 μόνον,
1204 2503 1288 2567 ἀλλά
1312 2511 1449 2570 καὶτῶν
1471 2506 1627 2590 ἡμετέρων
1649 2512 1780 2571 πάντων

208 2610 412 2687 ἀπαξαπλῦς
433 2613 486 2670 καὶ
506 2608 665 2687 λογισμῶν
685 2611 739 2668 καὶ
761 2607 865 2684 λόγων
887 2613 940 2670 καὶ
962 2610 1111 2692 πράξεων
1134 2613 1250 2672 θεαταὶ
1271 2614 1325 2671 καί
1347 2613 1540 2693 συνίστορες·
1563 2612 1615 2694 ἐφ’
1630 2607 1657 2697 ρί
1672 2613 1710 2695 δή
1728 2617 1782 2674 καί

210 2716 309 2780 πάλιν
330 2713 369 2777 οὐ
389 2716 443 2796 τῆς
463 2712 610 2794 τυχούσης
632 2709 706 2796 ήμίν
734 2709 900 2792 εὐλαβείας
928 2717 1017 2796 χρεία
1045 2718 1099 2775 καί
1128 2712 1327 2796 ἀσφαλείας,
1356 2718 1399 2797 μῆ
1430 2719 1484 2777 καί
1514 2715 1669 2796 λάθωμεν
1699 2713 1783 2799 ῆμοῖς

209 2817 319 2892 αὐτούς
341 2819 382 2880 δι’
406 2816 600 2898 ἀπροσεξίαν
627 2816 707 2877 καθ’
729 2814 850 2879 ἑαυτῶν
878 2822 948 2890 τούς
970 2817 1154 2897 προμάχους
1180 2840 1211 2880 τε
1239 2821 1293 2878 καὶ
1315 2814 1464 2899 φύλακας
1485 2819 1615 2898 ἔχοντες.
1657 2819 1780 2883 4ίάίλά

208 2925 296 2988 τοῦτο
317 2925 377 3001 μὲν
399 2919 442 2994 ιῦς
464 2919 615 2984 ἀπαίσιον
637 2917 732 3002 ἀπείη
753 2919 940 2995 τοῦλόγου·
963 2921 1009 2994 είς
1030 2925 1177 2984 τοσοῦτον
1198 2921 1234 2984 δὲ
1256 2925 1310 2983 καὶ
1331 2919 1348 2984 δ
1373 2920 1474 3001 λόγος,
1497 2923 1576 3000 έπεί,
1600 2927 1662 2986 κάν
1683 2924 1780 2987 πλείω

209 3030 415 3109 προσθῶμεν,
445 3023 538 3089 οὐδέν
559 3048 587 3086 τι
608 3022 735 3103 μάλλον
757 3021 932 3104 άνύσομεν·
964 3028 1017 3104 τῆς
1039 3024 1203 3109 ἀγγελικῆς
1223 3026 1286 3108 γάρ
1308 3023 1402 3100 ἀξίας
1423 3026 1474 3088 ἐπ’
1496 3028 1563 3110 ἴσης
1582 3027 1707 3111 ἀνάγκη
1729 3031 1783 3090 καί

209 3135 279 3205 τούς
298 3133 509 3212 βραχυτέρους
537 3131 600 3189 τῶν
629 3124 735 3202 λόγων
764 3131 818 3189 καὶ
845 3129 916 3200 τούς
935 3131 1148 3210 μακροτέρους
1178 3128 1441 3213 ἀπολειφθῆναι,
1475 3134 1537 3193 κάν
1558 3131 1713 3215 λαμπραῖς
1735 3131 1782 3195 ότι

208 3232 345 3314 μάλιστα
367 3235 653 3297 συντιθιῦνταικαλ
676 3231 859 3314 φιλοτίμως.

294 3336 433 3417 46Ὑμεῖς
455 3336 503 3414 δέ,
515 3336 657 3420 ’μεγάλοι
679 3335 877 3418 θεράποντες
898 3337 951 3418 τῆς
971 3333 1050 3416 ὐπέρ
1071 3337 1105 3397 τό
1126 3338 1208 3416 μέγα
1230 3337 1464 3421 μεγαλοσύνης,
1494 3341 1547 3402 τοῦ
1577 3344 1640 3400 τῶν
1669 3338 1785 3422 φιύτων

209 3442 314 3524 φωτδς
335 3441 576 3521 ἀπαυγόσματα
598 3447 652 3502 καὶ
674 3438 866 3518 ἰνδάλματα,
889 3438 1059 3521 λειτουργοὶ
1088 3443 1150 3501 τιῦν
1172 3438 1281 3527 άήγίων
1304 3447 1357 3501 καί
1378 3443 1431 3523 τῆς
1453 3443 1566 3525 σκηνῆς
1587 3446 1640 3524 τῆς
1707 3443 1784 3508 131²

209 3544 370 3629 ἀληθινῆς
391 3544 431 3627 ῆν
452 3544 566 3629 ἔπηξεν
588 3544 605 3607 δ
628 3546 732 3625 κύριος
754 3548 806 3604 καὶ
829 3541 884 3606 οὐκ
908 3543 1112 3625 ἀνθρωποςξ
1137 3543 1226 3626 φίλοι
1246 3545 1368 3627 γνήσιοι
1391 3547 1471 3608 θεοῦ
1492 3549 1546 3606 καὶ
1568 3549 1688 3620 πιστοί,
1721 3549 1784 3609 τῶν

209 3646 398 3731 ἀπορρήτων
418 3671 450 3711 τε
471 3653 616 3711 κοινωνοὶ
638 3653 691 3709 καί
711 3650 774 3709 τοῖν
795 3649 938 3729 κρυφίων
959 3647 1111 3723 ἐπόπται,
1145 3648 1306 3732 πληρωταί
1335 3649 1574 3731 προθυμότατοι
1596 3652 1658 3710 τάν
1680 3648 1784 3725 λόγων

209 3750 314 3828 αὐτοῦ,
331 3751 477 3815 δυνατοὶ*
485 3752 578 3831 ἰσχύϊ,
594 3754 753 3824 ποιοῦντες
764 3754 796 3812 τύ
809 3750 938 3835 θέλημα
951 3751 1055 3827 αὐτοῦ,
1068 3753 1225 3834 θεοφόροι
1239 3756 1410 3834 Χερουβίμ,
1425 3751 1613 3833 ῦμνολόγοι*
1625 3757 1782 3836 Σεραφίμ,

207 3855 325 3939 θρόνοι
346 3855 517 3938 μετάρσιοι,
540 3854 714 3938 κυριότητες
736 3858 842 3932 θεῖαι,
872 3854 1041 3934 δυνάμεις,
1071 3856 1230 3932 ἐξουσίαι,
1259 3853 1374 3938 ἀρχαί,
1407 3854 1613 3939 ἀρχόγγελοι,
1644 3858 1782 3935 ἀγγελοι,

206 3966 297 4023 πᾶσα
319 3962 415 4043 φύσις
437 3965 490 4021 καί
512 3963 599 4035 τάξις
621 3960 728 4042 λσγική
752 3963 806 4021 καὶ
827 3958 996 4039 οὐράνιος,
1032 3963 1100 4022 πεῖν
1130 3958 1364 4041 ὀνομαζόμενον
1394 3963 1449 4022 καί
1468 3958 1644 4043 τιμάμενον
1666 3963 1781 4044 ὄνομα,

206 4069 264 4132 νῦν
283 4058 419 4147 μέν’μοι
440 4064 590 4143 δέχοισθε
611 4064 703 4128 τόνδε
724 4067 779 4126 τδν
802 4063 950 4147 ῆμέτερον
971 4063 1067 4140 λόγον
1091 4103 1130 4113 -
1155 4063 1243 4138 ὅπως
1264 4065 1307 4125 ἀν
1328 4063 1394 4143 ἔχοι
1417 4101 1457 4112 -
1488 4062 1731 4148 ἀγαθοπρεπάς
1751 4089 1782 4129 τε

205 4173 259 4230 καί
280 4167 426 4249 εὐμενοῦς,
448 4171 553 4249 οἷσπερ
568 4166 627 4232 οὖν
644 4173 697 4230 καὶ
712 4159 882 4250 πεφύκατε,
904 4170 940 4258 τῆ
955 4171 1032 4230 καθ’
1048 4167 1132 4253 ῆμάς
1147 4167 1281 4250 δυνάμει
1296 4171 1565 4252 συμμετρηθέντα,
1585 4171 1663 4248 μετά
1686 4173 1782 4235 ταῦτα

205 4272 242 4333 δὲ
264 4277 318 4333 καὶ
339 4267 424 4354 ήμᾶς
445 4270 555 4348 αὐτούς
575 4271 804 4352 εὐμενέστερον,
838 4271 908 4345 τούς
930 4270 1067 4356 ῦμνητάς
1094 4294 1125 4335 τε
1147 4276 1200 4334 καλ
1222 4270 1445 4355 δωροφόρους,
1480 4278 1535 4336 ίνα
1558 4271 1651 4337 κάκεί
1671 4292 1783 4355 συγχο·

274 4506 306 4552 44
323 4486 417 4540 matth
437 4491 475 4551 18,
494 4506 523 4540 10
541 4485 545 4558 ή
566 4506 598 4552 44
616 4485 658 4541 0¹⁰
677 4491 822 4558 σημείωσαι
839 4504 889 4555 per
906 4488 1061 4557 scripturae
1080 4489 1276 4559 compendium
1297 4491 1465 4544 δίαόεσιυιιδ
1484 4490 1489 4561 fl
1509 4496 1540 4557 46
1559 4491 1635 4547 Hobr
1653 4496 1676 4557 8,
1695 4512 1709 4545 2
1730 4492 1735 4563 Ι
1754 4499 1785 4558 46

202 4558 294 4613 Palm
313 4564 347 4626 ρβ
367 4575 398 4610 20
417 4557 421 4627 Ι
442 4562 473 4624 46
497 4559 528 4612 in
551 4559 678 4628 margine
703 4577 738 4628 χρ
757 4559 884 4627 θεολόγοι
908 4559 966 4629 legi
991 4560 1079 4614 serius
1103 4561 1231 4616 additum
1251 4565 1373 4617 testatur
1391 4562 1611 4617 Studomundius
1630 4562 1663 4618 0¹
1682 4563 1786 4618 limeris

204 4646 222 4682 α
240 4635 258 4698 β
276 4650 295 4699 χ
312 4630 454 4699 impositio
473 4630 546 4685 huno
566 4629 691 4684 ordinem
711 4629 850 4683 indicavit
875 4628 903 4681 τύ
926 4632 1030 4701 θέλημα
1055 4630 1148 4684 αὐτοῦ·
1174 4631 1322 4703 ῦμνολόχοι
1339 4636 1468 4704 σεραφίμ,
1494 4634 1627 4702 θεοφύρσι
1642 4638 1784 4706 χερουβίμ,

202 4703 301 4770 θρόνοι
318 4701 472 4771 μικόρτιοιι
501 4701 535 4756 0²
553 4704 701 4770 υμνολογοι
720 4702 749 4754 in
766 4703 892 4770 θεολοχοι
910 4703 1015 4756 mutari
1034 4703 1125 4757 voluit
1145 4703 1322 4759 δίαύειιιυιιό.
1359 4705 1408 4773 qui
1427 4705 1598 4773 theologiam
1618 4706 1716 4761 doctus
1734 4709 1785 4770 ont,

202 4778 342 4843 Χιριιοβιμ
360 4777 495 4841 θεοφοροι
511 4774 546 4827 οδ
567 4772 719 4826 Ezechielis
735 4791 745 4823 1
767 4773 907 4841 pertinere
926 4774 980 4828 soit
998 4774 1135 4844 (hogarde
1148 4775 1194 4831 dio
1205 4776 1370 4847 evangelion
1382 4775 1509 4830 ombisch
1520 4776 1612 4830 xviiim
1631 4777 1786 4847 Symmioto

201 4843 231 4899 11
250 4845 338 4913 mom),
356 4850 484 4915 Σεραφιμ
502 4847 628 4913 &coloreo
645 4843 686 4911 (id
705 4847 748 4898 ent
765 4842 847 4898 deum
867 4845 972 4898 trinum
992 4846 1166 4915 profitentes)
1184 4847 1221 4901 ad
1239 4848 1327 4902 Ιεαίαε
1345 4853 1376 4912 6,
1401 4848 1581 4916 sequentiae
1600 4847 1694 4904 Colono
1714 4868 1735 4913 ι,
1756 4854 1785 4902 ι6

202 4918 315 4986 sumpto
333 4933 401 4971 τετε.
432 4920 507 4968 oum
524 4932 578 4986 ego
597 4914 704 4984 scripsi.
722 4917 916 4986 apographum
936 4916 1051 4988 Bolligii
1068 4935 1087 4972 ιι
1104 4917 1297 4976 Studemundo
1315 4936 1372 4975 non
1389 4920 1531 4974 mutatum
1549 4921 1620 4972 θεῖοι

1420 5031 1464 5091 14
