4560 6172
287 723 383 807 ᾔτην
406 717 534 802 ιύπὲριΙ
549 719 617 783 δεῖν
638 719 709 783 ἀντὶ
728 725 780 806 τῆς
805 721 912 786 ›dm‹
939 725 1071 807 φράσεις
1154 720 1156 725 ’

187 864 191 879 .
284 827 329 899 εἷς
352 829 563 907 συμπέρασμα
586 827 639 887 τοῦ
663 824 757 903 λόγου
780 827 1040 908 προσλαμβάνειν
1047 859 1059 908 ,·

283 928 420 1010 μάλιστα
440 932 501 1010 μέν
523 951 606 1002 πως·
632 927 701 991 άντί
721 931 783 1012 γάρ
804 930 912 995 τούτου
934 934 1006 995 τάδε

287 1035 419 1113 ἄμεινον
440 1033 541 1095 εἰπεῖν
562 1031 689 1111 μᾶλλον
711 1034 792 1097 εἶναι
814 1038 870 1119 την
892 1035 1020 1116 πράσιν,

221 1139 265 1203 40
287 1140 307 1221 η“
326 1137 396 1210 τούς
416 1135 578 1210 τοσούτους
599 1137 825 1218 έκπεριτρέχειν
847 1140 986 1214 κύκλους.

289 1243 395 1305 ἔπειτα
418 1241 518 1323 πολλῆ
542 1244 703 1319 συγγένεια
727 1247 806 1321 πρδς
827 1243 902 1306 τάδε

286 1350 322 1435 τῇ
344 1349 497 1429 προθέσει
521 1348 665 1424 πρόσεστι
687 1350 936 1431 μαρτυρουμένη,

289 1449 367 1512 ἄνθ’
390 1444 435 1510 τόν
457 1451 580 1530 πέφυκε
601 1447 831 1528 λαμβάνεσθαι
853 1451 1017 1525 πολλάκις.
1040 1505 1043 1511 ,

289 1561 357 1626 πῶς
379 1550 436 1617 ούν
457 1553 595 1641 στερηθῇ
615 1558 677 1614 τεόν
698 1551 808 1637 ἑαυτῆς
830 1554 954 1616 ἐνθάδε
964 1584 976 1632 ,·

224 1659 268 1724 45
291 1662 365 1736 νικᾷ
389 1657 429 1718 δι’
451 1654 583 1737 α’μφοίν.
606 1654 682 1717 ὥστε
705 1662 912 1741 συγχωρητέα.

291 1761 320 1823 εί
342 1761 372 1822 δ’
392 1759 490 1832 ἄλλος
512 1757 608 1841 αὐτην
630 1758 790 1834 ἐξελαύνει
812 1784 856 1833 τις
878 1761 981 1837 λόγος,

291 1867 311 1947 ἢ
332 1865 447 1938 δεῖξον,
471 1866 490 1946 ἢ
512 1865 647 1945 σίγησον,
670 1865 691 1945 η’
711 1864 813 1938 δόξεις
834 1865 935 1947 μάτην

291 1966 474 2052 ἐπηρεάζειν
497 1972 564 2039 τοὺς
585 1961 785 2041 ἀνευθύνους
806 1966 930 2042 λόγους.

293 2071 348 2135 οὐκ
370 2071 506 2149 εὐλόγως
528 2069 564 2132 δὲ
585 2074 638 2133 τοῦ
661 2069 755 2144 λόγου
778 2072 831 2133 τόν
854 2071 1029 2155 προστάτην

227 2178 270 2244 50
294 2175 416 2263 Ιλόγοις
437 2176 601 2254 μάχεσθαι
624 2174 751 2256 σφόδρα
774 2176 835 2238 τιύν
857 2172 1050 2253 άνευλόγων.

207 2389 275 2456 811.
299 2383 385 2464 Πρός
405 2383 475 2454 τούς
497 2380 637 2463 ἀκαίρως
658 2379 854 2460 στιχίζοντας.

254 2491 269 2553 1
288 2489 435 2569 Ἀριστον
456 2487 537 2548 εἶναι
560 2490 628 2548 πάν
648 2488 762 2566 μέτρον
783 2490 916 2565 προετπέ
938 2510 990 2560 τις.
1609 2492 1724 2546 1⁸1¹Pffl
1745 2494 1756 2527 ¹
1783 2494 1795 2528 ¹

295 2590 382 2666 κάγώ
405 2590 440 2653 δὲ
462 2601 584 2671 μετρεῖν
606 2594 725 2670 πρᾶξιν
745 2589 838 2663 εδδιδς
860 2597 913 2651 καὶ
935 2590 1040 2668 λόγον,

294 2698 417 2776 μέτροις
440 2691 531 2776 ὁρίζω
554 2699 608 2755 καὶ
631 2692 744 2770 λόγους
766 2697 835 2767 τούς
856 2695 1034 2775 ἐμμέτρους.

294 2803 408 2882 μέτρον
431 2798 458 2861 δ’
481 2801 523 2861 ἄν
544 2801 591 2882 εἴη
614 2802 682 2860 πᾶν
703 2801 736 2860 τδ
760 2801 939 2879 συμμέτρως
961 2799 1041 2878 ἔχον.

252 2905 274 2971 5
295 2907 409 2986 μέτρον
431 2901 460 2964 δ’
482 2903 617 2983 α’μετρον
639 2899 787 2981 ούδαμῶς
809 2904 923 2982 μέτρον
945 2902 1035 2978 λέγω.

296 3011 409 3070 σκόπει
431 3007 464 3068 τδ
488 3005 590 3090 ῥητόν,
614 3011 668 3068 καὶ
690 3006 779 3078 σύνες
798 3008 827 3068 τί
849 3023 898 3068 σοι
920 3006 1011 3082 λέγει.

296 3112 331 3175 ἐκ
356 3109 521 3191 Πινδάρου
544 3127 593 3172 σοι
615 3116 703 3174 τοῦτο
723 3111 776 3172 τού
798 3109 993 3190 σοφωτάτου.

298 3221 351 3278 καὶ
372 3219 428 3295 μοὶ
450 3218 552 3295 μέτρει
573 3216 643 3295 μέν,
666 3212 749 3288 ἀλλ’,
771 3213 885 3293 ἄριστε,
908 3214 963 3279 σύν
984 3218 1101 3300 μέτρῳ·

298 3326 351 3383 καὶ
373 3322 427 3381 τὸν
449 3319 547 3394 λόγον
567 3321 629 3397 γάρ
652 3318 707 3382 σύν
729 3315 811 3400 λόγῳ
834 3320 1011 3397 χαριστέον.

236 3427 277 3491 10
299 3428 403 3496 κακῶς
425 3422 460 3484 δὲ
481 3423 524 3503 μη
547 3422 583 3486 σύ
605 3426 647 3506 τῷ
670 3421 758 3503 καλῷ
779 3420 911 3502 κέχρησό
927 3444 998 3501 μοι·

298 3525 430 3608 άμετρία
451 3527 512 3607 γάρ
536 3529 697 3604 πανταχοῦ
719 3525 819 3587 κακόν
839 3528 931 3605 μέγα,

298 3633 435 3712 μάλιστα
458 3632 487 3693 δ’
512 3628 528 3714 ἦ
552 3634 734 3715 φθείρουσα
756 3632 811 3711 την
830 3633 944 3712 μέτρου
967 3629 1073 3713 φύσιν.

216 3843 282 3913 85.
302 3838 494 3918 Ἐπιτύμδιοι
515 3838 560 3910 είς
581 3837 635 3899 τὸν
656 3836 754 3918 φίλον
776 3836 908 3919 Μιχαὴλ
930 3839 983 3900 τόν
1005 3836 1165 3901 διάκονον.

261 3942 338 4010 1‘11
355 3948 407 4026 τῆς
428 3946 569 4024 μεγίστης
591 3939 702 4024 ῆδύτης
723 3940 896 4025 ἐκκλησίας,

301 4050 335 4110 τδ
357 4051 409 4130 τῆς
431 4049 601 4128 κρατούσης
623 4048 679 4108 νύν
701 4043 816 4128 άηδίας
838 4045 930 4119 ἅλας,

302 4149 319 4215 ύ
343 4157 408 4226 πάς
427 4153 605 4230 γλυκασμδς
627 4156 679 4231 τῆς
701 4151 777 4210 καθ’
801 4148 884 4232 ἡμᾶς
907 4151 1033 4231 πικρίας

302 4255 444 4339 ἀπῆλθε,
466 4257 521 4318 τόν
544 4256 693 4338 δύστηνον
714 4253 853 4315 έκλιπαίν
874 4258 960 4334 βίον·

260 4362 281 4428 5
302 4359 378 4444 ἡμῖν
399 4362 434 4423 δὲ
458 4366 489 4422 τδ
513 4359 567 4442 ζην
588 4359 759 4441 συμφοράν
781 4357 875 4440 άφεὶς
895 4358 1009 4438 μόνον,

304 4463 395 4537 αὐτὸς
417 4463 564 4544 διαδράς,
588 4464 705 4540 οἴχεται
727 4465 929 4541 σεσωσμένος.

304 4565 341 4631 ου’
362 4569 423 4649 γάρ
446 4566 571 4629 δίκαιον
593 4563 632 4649 ἧν
653 4567 687 4629 τό
710 4573 780 4648 φῶς
802 4565 863 4628 ύπδ
888 4566 1015 4639 σκότους

303 4673 346 4735 ἔτι
368 4675 565 4751 κρατεῖσθαι,
589 4675 642 4732 καὶ
664 4669 844 4748 διαυγάζειν
865 4670 976 4752 μάτην,

304 4777 435 4840 πάντων
457 4775 634 4859 φιλούντων
655 4773 692 4838 ού
712 4775 745 4838 τό
769 4779 848 4858 φάς,
870 4778 903 4838 τό
926 4774 962 4837 δὲ
985 4773 1104 4847 σκότος.

243 4884 284 4948 10
307 4880 407 4969 ίόθεν
428 4883 552 4961 μετέστη
576 4883 657 4961 πρὸς
677 4880 711 4943 τό
734 4883 877 4958 συγγενὲς
898 4880 1010 4954 σέλας·
1239 4875 1295 4941 16²
