<?xml version="1.0" encoding="UTF-8"?>
<!DOCTYPE html PUBLIC "-//W3C//DTD XHTML 1.0 Transitional//EN"
    "http://www.w3.org/TR/xhtml1/DTD/xhtml1-transitional.dtd">
<html xmlns="http://www.w3.org/1999/xhtml" xml:lang="en" lang="en">
 <head>
  <title>
</title>
<meta http-equiv="Content-Type" content="text/html;charset=utf-8" />
  <meta name='ocr-system' content='tesseract 3.04.00' />
  <meta name='ocr-capabilities' content='ocr_page ocr_carea ocr_par ocr_line ocrx_word'/>
</head>
<body>
  <div class='ocr_page' id='page_1' title='image "./iohanniseuchait00vatigoog_0032.png"; bbox 0 0 4560 6172; ppageno 0'>
   <div class='ocr_carea' id='block_1_1' title="bbox 241 717 1107 2467">
    <p class='ocr_par' dir='ltr' id='par_1_1' title="bbox 241 717 1107 2467">
     <span class='ocr_line' id='line_1_1' title="bbox 312 717 988 802; baseline -0.006 -19"><span class='ocrx_word' id='word_1_1' title='bbox 312 720 419 783; x_wconf 85' lang='grc' dir='ltr'><strong><em>ἔπειτα</em></strong></span> <span class='ocrx_word' id='word_1_2' title='bbox 440 724 495 783; x_wconf 87' lang='grc' dir='ltr'><strong><em>τδν</em></strong></span> <span class='ocrx_word' id='word_1_3' title='bbox 516 722 672 799; x_wconf 80' lang='grc' dir='ltr'><strong><em>βρίθοντα</em></strong></span> <span class='ocrx_word' id='word_1_4' title='bbox 694 718 784 780; x_wconf 89' lang='grc' dir='ltr'><strong><em>τόνδε</em></strong></span> <span class='ocrx_word' id='word_1_5' title='bbox 807 717 988 802; x_wconf 75' lang='grc' dir='ltr'><strong><em>πρεσβύτην,</em></strong></span> 
     </span>
     <span class='ocr_line' id='line_1_2' title="bbox 249 819 980 905; baseline -0.011 -14"><span class='ocrx_word' id='word_1_6' title='bbox 249 826 290 892; x_wconf 88' lang='lat'><strong><em>15</em></strong></span> <span class='ocrx_word' id='word_1_7' title='bbox 308 826 386 904; x_wconf 87' lang='grc' dir='ltr'><strong><em>μεθ’</em></strong></span> <span class='ocrx_word' id='word_1_8' title='bbox 409 819 455 885; x_wconf 80' lang='grc' dir='ltr'><strong><em>ὦν</em></strong></span> <span class='ocrx_word' id='word_1_9' title='bbox 476 823 609 887; x_wconf 87' lang='grc' dir='ltr'><strong><em>άπασαν</em></strong></span> <span class='ocrx_word' id='word_1_10' title='bbox 631 823 774 902; x_wconf 81' lang='grc' dir='ltr'><strong><em>έξεγελρει</em></strong></span> <span class='ocrx_word' id='word_1_11' title='bbox 795 825 851 905; x_wconf 76' lang='grc' dir='ltr'><strong><em>την</em></strong></span> <span class='ocrx_word' id='word_1_12' title='bbox 874 822 980 903; x_wconf 81' lang='grc' dir='ltr'><strong><em>φύσιν,</em></strong></span> 
     </span>
     <span class='ocr_line' id='line_1_3' title="bbox 309 926 1068 1012; baseline -0.001 -21"><span class='ocrx_word' id='word_1_13' title='bbox 309 929 352 991; x_wconf 88' lang='grc' dir='ltr'><strong><em>δι’</em></strong></span> <span class='ocrx_word' id='word_1_14' title='bbox 374 928 415 1012; x_wconf 75' lang='grc' dir='ltr'><strong><em>ἢν</em></strong></span> <span class='ocrx_word' id='word_1_15' title='bbox 436 927 604 991; x_wconf 76' lang='grc' dir='ltr'><strong><em>κατελθών</em></strong></span> <span class='ocrx_word' id='word_1_16' title='bbox 626 929 717 1009; x_wconf 90' lang='grc' dir='ltr'><strong><em>μέχρι</em></strong></span> <span class='ocrx_word' id='word_1_17' title='bbox 741 928 855 1008; x_wconf 86' lang='grc' dir='ltr'><strong><em>σαρκὸς</em></strong></span> <span class='ocrx_word' id='word_1_18' title='bbox 876 932 931 989; x_wconf 76' lang='grc' dir='ltr'><strong><em>καὶ</em></strong></span> <span class='ocrx_word' id='word_1_19' title='bbox 951 926 1068 1009; x_wconf 88' lang='grc' dir='ltr'><strong><em>τάφου,</em></strong></span> 
     </span>
     <span class='ocr_line' id='line_1_4' title="bbox 310 1028 1019 1114; baseline -0.004 -20"><span class='ocrx_word' id='word_1_20' title='bbox 310 1031 394 1114; x_wconf 75' lang='grc' dir='ltr'><strong><em>ᾅδην</em></strong></span> <span class='ocrx_word' id='word_1_21' title='bbox 415 1042 510 1095; x_wconf 88' lang='grc' dir='ltr'><strong><em>πατεῖ</em></strong></span> <span class='ocrx_word' id='word_1_22' title='bbox 529 1033 685 1112; x_wconf 82' lang='grc' dir='ltr'><strong><em>τύραννον</em></strong></span> <span class='ocrx_word' id='word_1_23' title='bbox 707 1028 1019 1113; x_wconf 79' lang='grc' dir='ltr'><strong><em>α’νθρωποφθόρον·</em></strong></span> 
     </span>
     <span class='ocr_line' id='line_1_5' title="bbox 310 1133 1107 1217; baseline -0.003 -19"><span class='ocrx_word' id='word_1_24' title='bbox 310 1135 394 1216; x_wconf 79' lang='grc' dir='ltr'><strong><em>πλὴν</em></strong></span> <span class='ocrx_word' id='word_1_25' title='bbox 417 1135 460 1209; x_wconf 84' lang='grc' dir='ltr'><strong><em>ὠς</em></strong></span> <span class='ocrx_word' id='word_1_26' title='bbox 483 1134 632 1217; x_wconf 73' lang='grc' dir='ltr'><strong><em>α’παρχην</em></strong></span> <span class='ocrx_word' id='word_1_27' title='bbox 653 1136 707 1199; x_wconf 83' lang='grc' dir='ltr'><strong><em>τοῦ</em></strong></span> <span class='ocrx_word' id='word_1_28' title='bbox 728 1136 838 1209; x_wconf 78' lang='grc' dir='ltr'><strong><em>γένους</em></strong></span> <span class='ocrx_word' id='word_1_29' title='bbox 859 1138 912 1199; x_wconf 85' lang='grc' dir='ltr'><strong><em>τοῦ</em></strong></span> <span class='ocrx_word' id='word_1_30' title='bbox 935 1134 990 1198; x_wconf 88' lang='grc' dir='ltr'><strong><em>σού</em></strong></span> <span class='ocrx_word' id='word_1_31' title='bbox 1013 1133 1107 1213; x_wconf 88' lang='grc' dir='ltr'><strong><em>δέχου</em></strong></span> 
     </span>
     <span class='ocr_line' id='line_1_6' title="bbox 309 1238 1044 1325; baseline -0.001 -24"><span class='ocrx_word' id='word_1_32' title='bbox 309 1239 437 1325; x_wconf 66' lang='grc' dir='ltr'><strong><em>λἈδάμ,</em></strong></span> <span class='ocrx_word' id='word_1_33' title='bbox 460 1238 565 1320; x_wconf 80' lang='grc' dir='ltr'><strong><em>Δαβλδ</em></strong></span> <span class='ocrx_word' id='word_1_34' title='bbox 585 1261 625 1306; x_wconf 83' lang='grc' dir='ltr'><strong><em>τε,</em></strong></span> <span class='ocrx_word' id='word_1_35' title='bbox 650 1243 704 1299; x_wconf 77' lang='grc' dir='ltr'><strong><em>καὶ</em></strong></span> <span class='ocrx_word' id='word_1_36' title='bbox 727 1242 831 1320; x_wconf 84' lang='grc' dir='ltr'><strong><em>σοφὸν</em></strong></span> <span class='ocrx_word' id='word_1_37' title='bbox 853 1239 1044 1318; x_wconf 78' lang='grc' dir='ltr'><strong><em>Σολομῶνα·</em></strong></span> 
     </span>
     <span class='ocr_line' id='line_1_7' title="bbox 244 1337 999 1426; baseline -0.007 -16"><span class='ocrx_word' id='word_1_38' title='bbox 244 1345 288 1410; x_wconf 83' lang='grc'><strong><em>20</em></strong></span> <span class='ocrx_word' id='word_1_39' title='bbox 310 1344 364 1417; x_wconf 84' lang='grc' dir='ltr'><strong><em>οὓς</em></strong></span> <span class='ocrx_word' id='word_1_40' title='bbox 386 1341 404 1426; x_wconf 79' lang='grc' dir='ltr'><em>ἧ</em></span> <span class='ocrx_word' id='word_1_41' title='bbox 424 1343 535 1425; x_wconf 76' lang='grc' dir='ltr'><strong><em>γραφη</em></strong></span> <span class='ocrx_word' id='word_1_42' title='bbox 559 1360 607 1404; x_wconf 97' lang='grc' dir='ltr'><strong><em>σοι</em></strong></span> <span class='ocrx_word' id='word_1_43' title='bbox 631 1342 747 1415; x_wconf 78' lang='grc' dir='ltr'><strong><em>ζῶντας</em></strong></span> <span class='ocrx_word' id='word_1_44' title='bbox 770 1337 832 1403; x_wconf 83' lang='grc' dir='ltr'><strong><em>ὦδε</em></strong></span> <span class='ocrx_word' id='word_1_45' title='bbox 855 1341 999 1416; x_wconf 79' lang='grc' dir='ltr'><strong><em>δεικνύει,</em></strong></span> 
     </span>
     <span class='ocr_line' id='line_1_8' title="bbox 307 1445 985 1528; baseline -0.003 -19"><span class='ocrx_word' id='word_1_46' title='bbox 307 1447 351 1519; x_wconf 81' lang='grc' dir='ltr'><strong><em>ὡς</em></strong></span> <span class='ocrx_word' id='word_1_47' title='bbox 371 1450 423 1511; x_wconf 87' lang='grc' dir='ltr'><strong><em>τού</em></strong></span> <span class='ocrx_word' id='word_1_48' title='bbox 446 1445 591 1518; x_wconf 81' lang='grc' dir='ltr'><strong><em>διδόντος</em></strong></span> <span class='ocrx_word' id='word_1_49' title='bbox 612 1448 667 1528; x_wconf 74' lang='grc' dir='ltr'><strong><em>την</em></strong></span> <span class='ocrx_word' id='word_1_50' title='bbox 688 1446 809 1524; x_wconf 81' lang='grc' dir='ltr'><strong><em>ἔγερσιν</em></strong></span> <span class='ocrx_word' id='word_1_51' title='bbox 830 1450 985 1527; x_wconf 79' lang='grc' dir='ltr'><strong><em>πατέρας·</em></strong></span> 
     </span>
     <span class='ocr_line' id='line_1_9' title="bbox 308 1547 1105 1631; baseline 0.001 -19"><span class='ocrx_word' id='word_1_52' title='bbox 308 1550 401 1624; x_wconf 85' lang='grc' dir='ltr'><strong><em>αύτός</em></strong></span> <span class='ocrx_word' id='word_1_53' title='bbox 421 1554 481 1631; x_wconf 79' lang='grc' dir='ltr'><strong><em>μέν</em></strong></span> <span class='ocrx_word' id='word_1_54' title='bbox 502 1547 559 1615; x_wconf 85' lang='grc' dir='ltr'><strong><em>οὖν</em></strong></span> <span class='ocrx_word' id='word_1_55' title='bbox 580 1553 649 1621; x_wconf 82' lang='grc' dir='ltr'><strong><em>τούς</em></strong></span> <span class='ocrx_word' id='word_1_56' title='bbox 671 1550 794 1626; x_wconf 83' lang='grc' dir='ltr'><strong><em>ἄνδρας</em></strong></span> <span class='ocrx_word' id='word_1_57' title='bbox 815 1550 851 1612; x_wconf 77' lang='grc' dir='ltr'><strong><em>ἐκ</em></strong></span> <span class='ocrx_word' id='word_1_58' title='bbox 874 1555 994 1630; x_wconf 82' lang='grc' dir='ltr'><strong><em>νεκρῶν</em></strong></span> <span class='ocrx_word' id='word_1_59' title='bbox 1017 1551 1105 1629; x_wconf 82' lang='grc' dir='ltr'><strong><em>ἔχεις,</em></strong></span> 
     </span>
     <span class='ocr_line' id='line_1_10' title="bbox 308 1655 972 1738; baseline -0.002 -18"><span class='ocrx_word' id='word_1_60' title='bbox 308 1656 396 1723; x_wconf 86' lang='grc' dir='ltr'><strong><em>Εύαν</em></strong></span> <span class='ocrx_word' id='word_1_61' title='bbox 417 1667 571 1730; x_wconf 86' lang='grc' dir='ltr'><strong><em>γυναῖκες,</em></strong></span> <span class='ocrx_word' id='word_1_62' title='bbox 593 1658 648 1738; x_wconf 74' lang='grc' dir='ltr'><strong><em>τη“ν</em></strong></span> <span class='ocrx_word' id='word_1_63' title='bbox 670 1655 823 1718; x_wconf 79' lang='grc' dir='ltr'><strong><em>ἁπάντων</em></strong></span> <span class='ocrx_word' id='word_1_64' title='bbox 844 1659 972 1738; x_wconf 89' lang='grc' dir='ltr'><strong><em>μητέρα.</em></strong></span> 
     </span>
     <span class='ocr_line' id='line_1_11' title="bbox 307 1758 1010 1842; baseline -0.004 -16"><span class='ocrx_word' id='word_1_65' title='bbox 307 1758 391 1826; x_wconf 88' lang='grc' dir='ltr'><strong><em>ούτοι</em></strong></span> <span class='ocrx_word' id='word_1_66' title='bbox 415 1760 450 1822; x_wconf 76' lang='grc' dir='ltr'><strong><em>δὲ</em></strong></span> <span class='ocrx_word' id='word_1_67' title='bbox 472 1759 730 1842; x_wconf 84' lang='grc' dir='ltr'><strong><em>τυφλούσθωσαν</em></strong></span> <span class='ocrx_word' id='word_1_68' title='bbox 750 1760 786 1822; x_wconf 84' lang='grc' dir='ltr'><strong><em>έκ</em></strong></span> <span class='ocrx_word' id='word_1_69' title='bbox 808 1761 912 1842; x_wconf 89' lang='grc' dir='ltr'><strong><em>φόβου</em></strong></span> <span class='ocrx_word' id='word_1_70' title='bbox 934 1764 1010 1832; x_wconf 90' lang='grc' dir='ltr'><strong><em>τέως</em></strong></span> 
     </span>
     <span class='ocr_line' id='line_1_12' title="bbox 242 1863 978 1947; baseline -0.005 -18"><span class='ocrx_word' id='word_1_71' title='bbox 242 1866 285 1932; x_wconf 83' lang='grc'><strong><em>25</em></strong></span> <span class='ocrx_word' id='word_1_72' title='bbox 307 1869 443 1947; x_wconf 81' lang='grc' dir='ltr'><strong><em>φρουροὶ</em></strong></span> <span class='ocrx_word' id='word_1_73' title='bbox 464 1863 605 1943; x_wconf 77' lang='grc' dir='ltr'><strong><em>μάταιοι,</em></strong></span> <span class='ocrx_word' id='word_1_74' title='bbox 630 1863 789 1942; x_wconf 88' lang='grc' dir='ltr'><strong><em>δυστυχεῖς</em></strong></span> <span class='ocrx_word' id='word_1_75' title='bbox 810 1863 978 1946; x_wconf 78' lang='grc' dir='ltr'><strong><em>ὑπηρέται·</em></strong></span> 
     </span>
     <span class='ocr_line' id='line_1_13' title="bbox 305 1966 1061 2051; baseline 0.004 -21"><span class='ocrx_word' id='word_1_76' title='bbox 305 1968 417 2051; x_wconf 85' lang='grc' dir='ltr'><strong><em>βάλλει</em></strong></span> <span class='ocrx_word' id='word_1_77' title='bbox 439 1974 500 2049; x_wconf 86' lang='grc' dir='ltr'><strong><em>γάρ</em></strong></span> <span class='ocrx_word' id='word_1_78' title='bbox 526 1967 636 2039; x_wconf 79' lang='grc' dir='ltr'><strong><em>αὐτοὺς</em></strong></span> <span class='ocrx_word' id='word_1_79' title='bbox 657 1966 836 2045; x_wconf 72' lang='grc' dir='ltr'><strong><em>ἀστραπαῖς</em></strong></span> <span class='ocrx_word' id='word_1_80' title='bbox 859 1970 875 2030; x_wconf 88' lang='grc' dir='ltr'><strong><em>ὁ</em></strong></span> <span class='ocrx_word' id='word_1_81' title='bbox 900 1967 1061 2049; x_wconf 88' lang='grc' dir='ltr'><strong><em>δεσπότης.</em></strong></span> 
     </span>
     <span class='ocr_line' id='line_1_14' title="bbox 308 2070 968 2159; baseline -0.002 -24"><span class='ocrx_word' id='word_1_82' title='bbox 308 2070 351 2146; x_wconf 78' lang='grc' dir='ltr'><strong><em>ὥς</em></strong></span> <span class='ocrx_word' id='word_1_83' title='bbox 371 2074 413 2156; x_wconf 78' lang='grc' dir='ltr'><strong><em>μη</em></strong></span> <span class='ocrx_word' id='word_1_84' title='bbox 437 2074 552 2159; x_wconf 68' lang='grc' dir='ltr'><strong><em>θεαθη·</em></strong></span> <span class='ocrx_word' id='word_1_85' title='bbox 574 2071 734 2150; x_wconf 79' lang='grc' dir='ltr'><strong><em>δυσσεβῶν</em></strong></span> <span class='ocrx_word' id='word_1_86' title='bbox 756 2073 833 2153; x_wconf 82' lang='grc' dir='ltr'><strong><em>ὄψει</em></strong></span> <span class='ocrx_word' id='word_1_87' title='bbox 856 2073 968 2135; x_wconf 90' lang='grc' dir='ltr'><strong><em>πάλιν.</em></strong></span> 
     </span>
     <span class='ocr_line' id='line_1_15' title="bbox 306 2172 939 2257; baseline 0 -19"><span class='ocrx_word' id='word_1_88' title='bbox 306 2176 343 2240; x_wconf 91' lang='grc' dir='ltr'><strong><em>σύ</em></strong></span> <span class='ocrx_word' id='word_1_89' title='bbox 366 2176 396 2238; x_wconf 79' lang='grc' dir='ltr'><strong><em>δ’</em></strong></span> <span class='ocrx_word' id='word_1_90' title='bbox 418 2175 571 2251; x_wconf 79' lang='grc' dir='ltr'><strong><em>α’ξιωθεῐς</em></strong></span> <span class='ocrx_word' id='word_1_91' title='bbox 593 2197 639 2237; x_wconf 90' lang='grc' dir='ltr'><strong><em>ων</em></strong></span> <span class='ocrx_word' id='word_1_92' title='bbox 661 2172 741 2256; x_wconf 79' lang='grc' dir='ltr'><strong><em>ὁρᾷς</em></strong></span> <span class='ocrx_word' id='word_1_93' title='bbox 763 2178 939 2257; x_wconf 74' lang='grc' dir='ltr'><strong><em>θεαμάτων</em></strong></span> 
     </span>
     <span class='ocr_line' id='line_1_16' title="bbox 305 2278 989 2362; baseline 0.001 -20"><span class='ocrx_word' id='word_1_94' title='bbox 305 2280 530 2362; x_wconf 83' lang='grc' dir='ltr'><strong><em>έπικρότησον·</em></strong></span> <span class='ocrx_word' id='word_1_95' title='bbox 554 2283 612 2361; x_wconf 71' lang='grc' dir='ltr'><strong><em>σήν</em></strong></span> <span class='ocrx_word' id='word_1_96' title='bbox 636 2278 823 2342; x_wconf 73' lang='grc' dir='ltr'><strong><em>ἀνάπλασιν</em></strong></span> <span class='ocrx_word' id='word_1_97' title='bbox 845 2281 989 2359; x_wconf 82' lang='grc' dir='ltr'><strong><em>βλέπεις·</em></strong></span> 
     </span>
     <span class='ocr_line' id='line_1_17' title="bbox 241 2383 992 2467; baseline 0 -17"><span class='ocrx_word' id='word_1_98' title='bbox 241 2386 284 2450; x_wconf 89' lang='grc'><strong><em>30</em></strong></span> <span class='ocrx_word' id='word_1_99' title='bbox 305 2389 359 2446; x_wconf 76' lang='grc' dir='ltr'><strong><em>καὶ</em></strong></span> <span class='ocrx_word' id='word_1_100' title='bbox 380 2395 480 2466; x_wconf 84' lang='grc' dir='ltr'><strong><em>χαῖρε,</em></strong></span> <span class='ocrx_word' id='word_1_101' title='bbox 503 2394 611 2464; x_wconf 84' lang='grc' dir='ltr'><strong><em>χαῖρε·</em></strong></span> <span class='ocrx_word' id='word_1_102' title='bbox 633 2383 742 2463; x_wconf 80' lang='grc' dir='ltr'><strong><em>πάσχα</em></strong></span> <span class='ocrx_word' id='word_1_103' title='bbox 763 2387 851 2449; x_wconf 86' lang='grc' dir='ltr'><strong><em>τούτο</em></strong></span> <span class='ocrx_word' id='word_1_104' title='bbox 873 2389 992 2467; x_wconf 71' lang='grc' dir='ltr'><strong><em>κυρίου.</em></strong></span> 
     </span>
    </p>
   </div>
   <div class='ocr_carea' id='block_1_2' title="bbox 221 2592 1124 4024">
    <p class='ocr_par' dir='ltr' id='par_1_2' title="bbox 221 2592 1088 3090">
     <span class='ocr_line' id='line_1_18' title="bbox 221 2592 666 2675; baseline 0 -22"><span class='ocrx_word' id='word_1_105' title='bbox 221 2594 262 2661; x_wconf 77' lang='grc'><strong><em>9.</em></strong></span> <span class='ocrx_word' id='word_1_106' title='bbox 310 2593 367 2665; x_wconf 75' lang='grc' dir='ltr'><strong><em>Εἰς</em></strong></span> <span class='ocrx_word' id='word_1_107' title='bbox 389 2592 443 2672; x_wconf 79' lang='grc' dir='ltr'><strong><em>τήν</em></strong></span> <span class='ocrx_word' id='word_1_108' title='bbox 465 2592 666 2675; x_wconf 81' lang='grc' dir='ltr'><strong><em>φηλόφησιν.</em></strong></span> 
     </span>
     <span class='ocr_line' id='line_1_19' title="bbox 265 2694 1088 2777; baseline -0.001 -17"><span class='ocrx_word' id='word_1_109' title='bbox 265 2699 281 2760; x_wconf 97' lang='grc'>1</span> <span class='ocrx_word' id='word_1_110' title='bbox 306 2697 452 2775; x_wconf 83' lang='grc' dir='ltr'><strong><em>Χριστός,</em></strong></span> <span class='ocrx_word' id='word_1_111' title='bbox 474 2698 630 2777; x_wconf 70' lang='grc' dir='ltr'><strong><em>μαθηταί,</em></strong></span> <span class='ocrx_word' id='word_1_112' title='bbox 653 2696 789 2777; x_wconf 86' lang='grc' dir='ltr'><strong><em>Χριστός</em></strong></span> <span class='ocrx_word' id='word_1_113' title='bbox 810 2695 872 2758; x_wconf 81' lang='grc' dir='ltr'><strong><em>έστι</em></strong></span> <span class='ocrx_word' id='word_1_114' title='bbox 895 2699 950 2756; x_wconf 81' lang='grc' dir='ltr'><strong><em>καὶ</em></strong></span> <span class='ocrx_word' id='word_1_115' title='bbox 972 2694 1088 2759; x_wconf 91' lang='grc' dir='ltr'><strong><em>πάλιν·</em></strong></span> 
     </span>
     <span class='ocr_line' id='line_1_20' title="bbox 306 2800 975 2887; baseline -0.004 -25"><span class='ocrx_word' id='word_1_116' title='bbox 306 2802 465 2880; x_wconf 87' lang='grc' dir='ltr'><strong><em>θαρσεῖτε.</em></strong></span> <span class='ocrx_word' id='word_1_117' title='bbox 486 2802 527 2882; x_wconf 81' lang='grc' dir='ltr'><strong><em>μη</em></strong></span> <span class='ocrx_word' id='word_1_118' title='bbox 552 2800 719 2863; x_wconf 88' lang='grc' dir='ltr'><strong><em>κλονεῖσθε</em></strong></span> <span class='ocrx_word' id='word_1_119' title='bbox 743 2802 779 2885; x_wconf 79' lang='grc' dir='ltr'><strong><em>τῇ</em></strong></span> <span class='ocrx_word' id='word_1_120' title='bbox 801 2802 874 2887; x_wconf 85' lang='grc' dir='ltr'><strong><em>ξένη</em></strong></span> <span class='ocrx_word' id='word_1_121' title='bbox 898 2802 975 2879; x_wconf 83' lang='grc' dir='ltr'><strong><em>θέᾳ,</em></strong></span> 
     </span>
     <span class='ocr_line' id='line_1_21' title="bbox 304 2902 975 2985; baseline 0.001 -21"><span class='ocrx_word' id='word_1_122' title='bbox 304 2902 384 2984; x_wconf 79' lang='grc' dir='ltr'><strong><em>μηδὲ</em></strong></span> <span class='ocrx_word' id='word_1_123' title='bbox 407 2906 556 2966; x_wconf 81' lang='grc' dir='ltr'><strong><em>πτοεῖσθε</em></strong></span> <span class='ocrx_word' id='word_1_124' title='bbox 577 2905 633 2977; x_wconf 83' lang='grc' dir='ltr'><strong><em>τάς</em></strong></span> <span class='ocrx_word' id='word_1_125' title='bbox 655 2902 797 2985; x_wconf 79' lang='grc' dir='ltr'><strong><em>άδηλους</em></strong></span> <span class='ocrx_word' id='word_1_126' title='bbox 817 2902 975 2976; x_wconf 81' lang='grc' dir='ltr'><strong><em>εἰσόδους·</em></strong></span> 
     </span>
     <span class='ocr_line' id='line_1_22' title="bbox 305 3005 998 3090; baseline -0.003 -21"><span class='ocrx_word' id='word_1_127' title='bbox 305 3005 409 3081; x_wconf 78' lang='grc' dir='ltr'><strong><em>οὐδεὶς</em></strong></span> <span class='ocrx_word' id='word_1_128' title='bbox 429 3009 489 3088; x_wconf 83' lang='grc' dir='ltr'><strong><em>γάρ</em></strong></span> <span class='ocrx_word' id='word_1_129' title='bbox 512 3007 596 3088; x_wconf 77' lang='grc' dir='ltr'><strong><em>ύμάς</em></strong></span> <span class='ocrx_word' id='word_1_130' title='bbox 618 3008 734 3090; x_wconf 82' lang='grc' dir='ltr'><strong><em>ὄψεται</em></strong></span> <span class='ocrx_word' id='word_1_131' title='bbox 758 3010 998 3089; x_wconf 88' lang='grc' dir='ltr'><strong><em>κεκρυμμένους.</em></strong></span> 
     </span>
    </p>

    <p class='ocr_par' dir='ltr' id='par_1_3' title="bbox 262 3109 1071 3611">
     <span class='ocr_line' id='line_1_23' title="bbox 262 3109 968 3195; baseline -0.006 -19"><span class='ocrx_word' id='word_1_132' title='bbox 262 3110 283 3176; x_wconf 85' lang='grc'>5</span> <span class='ocrx_word' id='word_1_133' title='bbox 306 3109 379 3173; x_wconf 73' lang='grc' dir='ltr'><strong><em>ἄλλ’</em></strong></span> <span class='ocrx_word' id='word_1_134' title='bbox 401 3110 495 3183; x_wconf 81' lang='grc' dir='ltr'><strong><em>αι’τδς</em></strong></span> <span class='ocrx_word' id='word_1_135' title='bbox 516 3110 691 3195; x_wconf 88' lang='grc' dir='ltr'><strong><em>άκράτητον</em></strong></span> <span class='ocrx_word' id='word_1_136' title='bbox 711 3113 850 3194; x_wconf 73' lang='grc' dir='ltr'><strong><em>εἰληφώς</em></strong></span> <span class='ocrx_word' id='word_1_137' title='bbox 873 3111 968 3194; x_wconf 87' lang='grc' dir='ltr'><strong><em>φύσιν</em></strong></span> 
     </span>
     <span class='ocr_line' id='line_1_24' title="bbox 305 3214 968 3298; baseline 0.002 -20"><span class='ocrx_word' id='word_1_138' title='bbox 305 3214 384 3280; x_wconf 86' lang='grc' dir='ltr'><strong><em>οὕτω</em></strong></span> <span class='ocrx_word' id='word_1_139' title='bbox 407 3214 520 3294; x_wconf 89' lang='grc' dir='ltr'><strong><em>διέδρα</em></strong></span> <span class='ocrx_word' id='word_1_140' title='bbox 542 3219 595 3276; x_wconf 71' lang='grc' dir='ltr'><strong><em>καὶ</em></strong></span> <span class='ocrx_word' id='word_1_141' title='bbox 616 3217 721 3298; x_wconf 80' lang='grc' dir='ltr'><strong><em>τάφον</em></strong></span> <span class='ocrx_word' id='word_1_142' title='bbox 742 3216 968 3295; x_wconf 88' lang='grc' dir='ltr'><strong><em>κεκλεισμένον.</em></strong></span> 
     </span>
     <span class='ocr_line' id='line_1_25' title="bbox 304 3317 1071 3406; baseline 0.001 -26"><span class='ocrx_word' id='word_1_143' title='bbox 304 3317 376 3381; x_wconf 76' lang='grc' dir='ltr'><strong><em>ἀλλ’</em></strong></span> <span class='ocrx_word' id='word_1_144' title='bbox 399 3321 426 3380; x_wconf 76' lang='grc' dir='ltr'><strong><em>οἳ</em></strong></span> <span class='ocrx_word' id='word_1_145' title='bbox 447 3321 475 3380; x_wconf 82' lang='grc' dir='ltr'><strong><em>τέ</em></strong></span> <span class='ocrx_word' id='word_1_146' title='bbox 496 3322 599 3383; x_wconf 82' lang='grc' dir='ltr'><strong><em>τούτο·</em></strong></span> <span class='ocrx_word' id='word_1_147' title='bbox 620 3324 678 3385; x_wconf 86' lang='grc' dir='ltr'><strong><em>νῦν</em></strong></span> <span class='ocrx_word' id='word_1_148' title='bbox 698 3321 759 3401; x_wconf 83' lang='grc' dir='ltr'><strong><em>γάρ</em></strong></span> <span class='ocrx_word' id='word_1_149' title='bbox 783 3320 887 3399; x_wconf 77' lang='grc' dir='ltr'><strong><em>ὥσπερ</em></strong></span> <span class='ocrx_word' id='word_1_150' title='bbox 910 3317 1071 3406; x_wconf 77' lang='grc' dir='ltr'><strong><em>ιἤσθόμην,</em></strong></span> 
     </span>
     <span class='ocr_line' id='line_1_26' title="bbox 304 3418 992 3506; baseline 0 -21"><span class='ocrx_word' id='word_1_151' title='bbox 304 3421 361 3502; x_wconf 82' lang='grc' dir='ltr'><strong><em>ούχ</em></strong></span> <span class='ocrx_word' id='word_1_152' title='bbox 382 3418 470 3497; x_wconf 83' lang='grc' dir='ltr'><strong><em>οὗτος</em></strong></span> <span class='ocrx_word' id='word_1_153' title='bbox 494 3423 511 3484; x_wconf 84' lang='grc' dir='ltr'><strong>ὁ</strong></span> <span class='ocrx_word' id='word_1_154' title='bbox 533 3433 608 3503; x_wconf 76' lang='grc' dir='ltr'><strong><em>πρὶν</em></strong></span> <span class='ocrx_word' id='word_1_155' title='bbox 629 3425 777 3503; x_wconf 83' lang='grc' dir='ltr'><strong><em>εὔστομος</em></strong></span> <span class='ocrx_word' id='word_1_156' title='bbox 799 3423 992 3506; x_wconf 72' lang='grc' dir='ltr'><strong><em>δημηγόρος,</em></strong></span> 
     </span>
     <span class='ocr_line' id='line_1_27' title="bbox 302 3525 926 3611; baseline -0.002 -21"><span class='ocrx_word' id='word_1_157' title='bbox 302 3525 371 3590; x_wconf 82' lang='grc' dir='ltr'><strong><em>ολον</em></strong></span> <span class='ocrx_word' id='word_1_158' title='bbox 392 3529 476 3589; x_wconf 91' lang='grc' dir='ltr'><strong><em>κάτω</em></strong></span> <span class='ocrx_word' id='word_1_159' title='bbox 498 3530 643 3590; x_wconf 86' lang='grc' dir='ltr'><strong><em>νένευκεν</em></strong></span> <span class='ocrx_word' id='word_1_160' title='bbox 663 3527 926 3611; x_wconf 74' lang='grc' dir='ltr'><strong><em>ἐκπεπληγμένος.</em></strong></span> 
     </span>
    </p>

    <p class='ocr_par' dir='ltr' id='par_1_4' title="bbox 242 3629 1124 4024">
     <span class='ocr_line' id='line_1_28' title="bbox 242 3629 1017 3713; baseline -0.001 -19"><span class='ocrx_word' id='word_1_161' title='bbox 242 3632 282 3696; x_wconf 90' lang='grc'><strong><em>10</em></strong></span> <span class='ocrx_word' id='word_1_162' title='bbox 304 3629 322 3713; x_wconf 71' lang='grc' dir='ltr'><em>ἢ</em></span> <span class='ocrx_word' id='word_1_163' title='bbox 343 3635 408 3713; x_wconf 72' lang='grc' dir='ltr'><strong><em>κελρ</em></strong></span> <span class='ocrx_word' id='word_1_164' title='bbox 433 3631 467 3692; x_wconf 80' lang='grc' dir='ltr'><strong><em>δέ</em></strong></span> <span class='ocrx_word' id='word_1_165' title='bbox 490 3635 605 3711; x_wconf 79' lang='grc' dir='ltr'><strong><em>ναρκηῖ,</em></strong></span> <span class='ocrx_word' id='word_1_166' title='bbox 629 3637 682 3693; x_wconf 73' lang='grc' dir='ltr'><strong><em>καὶ</em></strong></span> <span class='ocrx_word' id='word_1_167' title='bbox 704 3634 881 3713; x_wconf 82' lang='grc' dir='ltr'><strong><em>παρειμένα</em></strong></span> <span class='ocrx_word' id='word_1_168' title='bbox 903 3634 1017 3712; x_wconf 82' lang='grc' dir='ltr'><strong><em>τρέμει,</em></strong></span> 
     </span>
     <span class='ocr_line' id='line_1_29' title="bbox 302 3734 1030 3818; baseline -0.003 -21"><span class='ocrx_word' id='word_1_169' title='bbox 302 3735 444 3817; x_wconf 83' lang='grc' dir='ltr'><strong><em>πλευράν</em></strong></span> <span class='ocrx_word' id='word_1_170' title='bbox 466 3734 647 3816; x_wconf 78' lang='grc' dir='ltr'><strong><em>φλέγουσαν</em></strong></span> <span class='ocrx_word' id='word_1_171' title='bbox 671 3737 830 3818; x_wconf 83' lang='grc' dir='ltr'><strong><em>φηλαφάν</em></strong></span> <span class='ocrx_word' id='word_1_172' title='bbox 853 3735 1030 3818; x_wconf 79' lang='grc' dir='ltr'><strong><em>ὡρμημένη.</em></strong></span> 
     </span>
     <span class='ocr_line' id='line_1_30' title="bbox 305 3838 1124 3924; baseline -0.002 -23"><span class='ocrx_word' id='word_1_173' title='bbox 305 3838 460 3924; x_wconf 76' lang='grc' dir='ltr'><strong><em>ΙΧριστὸν</em></strong></span> <span class='ocrx_word' id='word_1_174' title='bbox 482 3839 658 3921; x_wconf 76' lang='grc' dir='ltr'><strong><em>προδήλως,</em></strong></span> <span class='ocrx_word' id='word_1_175' title='bbox 682 3838 707 3900; x_wconf 81' lang='grc' dir='ltr'><strong><em>ά</em></strong></span> <span class='ocrx_word' id='word_1_176' title='bbox 730 3838 964 3920; x_wconf 87' lang='grc' dir='ltr'><strong><em>φιλοπράγμον,</em></strong></span> <span class='ocrx_word' id='word_1_177' title='bbox 987 3838 1124 3916; x_wconf 84' lang='grc' dir='ltr'><strong><em>βλέπεις,</em></strong></span> 
     </span>
     <span class='ocr_line' id='line_1_31' title="bbox 302 3942 935 4024; baseline -0.005 -18"><span class='ocrx_word' id='word_1_178' title='bbox 302 3943 346 4017; x_wconf 77' lang='grc' dir='ltr'><strong><em>ὥς</em></strong></span> <span class='ocrx_word' id='word_1_179' title='bbox 367 3942 384 4024; x_wconf 82' lang='grc' dir='ltr'><em>ἢ</em></span> <span class='ocrx_word' id='word_1_180' title='bbox 408 3947 554 4024; x_wconf 86' lang='grc' dir='ltr'><strong><em>παροῦσα</em></strong></span> <span class='ocrx_word' id='word_1_181' title='bbox 576 3954 730 4024; x_wconf 85' lang='grc' dir='ltr'><strong><em>μαρτυρεῖ</em></strong></span> <span class='ocrx_word' id='word_1_182' title='bbox 750 3962 799 4006; x_wconf 93' lang='grc' dir='ltr'><strong><em>σοι</em></strong></span> <span class='ocrx_word' id='word_1_183' title='bbox 822 3943 935 4005; x_wconf 77' lang='grc' dir='ltr'><strong><em>δειλία.</em></strong></span> 
     </span>
    </p>
   </div>
   <div class='ocr_carea' id='block_1_3' title="bbox 301 4044 1181 4128">
    <p class='ocr_par' dir='ltr' id='par_1_5' title="bbox 301 4044 1181 4128">
     <span class='ocr_line' id='line_1_32' title="bbox 301 4044 1181 4128; baseline -0.002 -18"><span class='ocrx_word' id='word_1_184' title='bbox 301 4054 358 4112; x_wconf 85' lang='grc' dir='ltr'><strong><em>νῦν</em></strong></span> <span class='ocrx_word' id='word_1_185' title='bbox 380 4044 435 4112; x_wconf 84' lang='grc' dir='ltr'><strong><em>οὖν</em></strong></span> <span class='ocrx_word' id='word_1_186' title='bbox 456 4049 599 4122; x_wconf 81' lang='grc' dir='ltr'><strong><em>πέπεισο,</em></strong></span> <span class='ocrx_word' id='word_1_187' title='bbox 622 4052 676 4109; x_wconf 76' lang='grc' dir='ltr'><strong><em>καὶ</em></strong></span> <span class='ocrx_word' id='word_1_188' title='bbox 698 4049 801 4111; x_wconf 73' lang='grc' dir='ltr'><strong><em>λιπεῖν</em></strong></span> <span class='ocrx_word' id='word_1_189' title='bbox 822 4050 891 4120; x_wconf 91' lang='grc' dir='ltr'><strong><em>τούς</em></strong></span> <span class='ocrx_word' id='word_1_190' title='bbox 912 4053 988 4128; x_wconf 76' lang='grc' dir='ltr'><strong><em>πρὶν</em></strong></span> <span class='ocrx_word' id='word_1_191' title='bbox 1011 4046 1125 4125; x_wconf 89' lang='grc' dir='ltr'><strong><em>λόγους</em></strong></span> <span class='ocrx_word' id='word_1_192' title='bbox 1178 4103 1181 4108; x_wconf 88' lang='grc'>.</span> 
     </span>
    </p>
   </div>
   <div class='ocr_carea' id='block_1_4' title="bbox 239 4151 944 4235">
    <p class='ocr_par' dir='ltr' id='par_1_6' title="bbox 239 4151 944 4235">
     <span class='ocr_line' id='line_1_33' title="bbox 239 4151 944 4235; baseline -0.006 -17"><span class='ocrx_word' id='word_1_193' title='bbox 239 4154 280 4218; x_wconf 81' lang='grc'><strong><em>15</em></strong></span> <span class='ocrx_word' id='word_1_194' title='bbox 302 4151 448 4229; x_wconf 84' lang='grc' dir='ltr'><strong><em>θαύμαζε</em></strong></span> <span class='ocrx_word' id='word_1_195' title='bbox 470 4157 525 4212; x_wconf 78' lang='grc' dir='ltr'><strong><em>καὶ</em></strong></span> <span class='ocrx_word' id='word_1_196' title='bbox 546 4154 671 4233; x_wconf 81' lang='grc' dir='ltr'><strong><em>κη’ρυετε</em></strong></span> <span class='ocrx_word' id='word_1_197' title='bbox 692 4156 747 4214; x_wconf 87' lang='grc' dir='ltr'><strong><em>τδν</em></strong></span> <span class='ocrx_word' id='word_1_198' title='bbox 770 4151 944 4235; x_wconf 84' lang='grc' dir='ltr'><strong><em>ζωηφόρον.</em></strong></span> 
     </span>
    </p>
   </div>
   <div class='ocr_carea' id='block_1_5' title="bbox 214 4358 1081 4544">
    <p class='ocr_par' dir='ltr' id='par_1_7' title="bbox 214 4358 1081 4544">
     <span class='ocr_line' id='line_1_34' title="bbox 214 4358 638 4442; baseline 0.005 -22"><span class='ocrx_word' id='word_1_199' title='bbox 214 4362 281 4429; x_wconf 83' lang='lat' dir='ltr'><strong><em>lo.</em></strong></span> <span class='ocrx_word' id='word_1_200' title='bbox 303 4359 360 4430; x_wconf 82' lang='grc' dir='ltr'><strong><em>Ελς</em></strong></span> <span class='ocrx_word' id='word_1_201' title='bbox 380 4363 435 4442; x_wconf 80' lang='grc' dir='ltr'><strong><em>την</em></strong></span> <span class='ocrx_word' id='word_1_202' title='bbox 457 4358 638 4441; x_wconf 75' lang='grc' dir='ltr'><strong><em>άνάληψιν.</em></strong></span> 
     </span>
     <span class='ocr_line' id='line_1_35' title="bbox 258 4461 1081 4544; baseline -0.006 -17"><span class='ocrx_word' id='word_1_203' title='bbox 258 4466 274 4527; x_wconf 94' lang='grc'><strong>1</strong></span> <span class='ocrx_word' id='word_1_204' title='bbox 301 4461 367 4526; x_wconf 86' lang='grc' dir='ltr'><strong><em>Ούκ</em></strong></span> <span class='ocrx_word' id='word_1_205' title='bbox 389 4461 427 4544; x_wconf 77' lang='grc' dir='ltr'><strong><em>ἦν</em></strong></span> <span class='ocrx_word' id='word_1_206' title='bbox 450 4461 468 4526; x_wconf 87' lang='grc' dir='ltr'><strong><em>δ</em></strong></span> <span class='ocrx_word' id='word_1_207' title='bbox 491 4465 626 4543; x_wconf 84' lang='grc' dir='ltr'><strong><em>Χριστὸς</em></strong></span> <span class='ocrx_word' id='word_1_208' title='bbox 647 4467 806 4542; x_wconf 78' lang='grc' dir='ltr'><strong><em>σαρκικῶν</em></strong></span> <span class='ocrx_word' id='word_1_209' title='bbox 827 4464 862 4524; x_wconf 84' lang='grc' dir='ltr'><strong><em>έκ</em></strong></span> <span class='ocrx_word' id='word_1_210' title='bbox 884 4461 1081 4543; x_wconf 85' lang='grc' dir='ltr'><strong><em>σπερμάτων,</em></strong></span> 
     </span>
    </p>
   </div>
   <div class='ocr_carea' id='block_1_6' title="bbox 251 4564 1053 4963">
    <p class='ocr_par' dir='ltr' id='par_1_8' title="bbox 296 4564 1053 4857">
     <span class='ocr_line' id='line_1_36' title="bbox 298 4564 1038 4651; baseline 0 -22"><span class='ocrx_word' id='word_1_211' title='bbox 298 4570 359 4629; x_wconf 85' lang='grc' dir='ltr'><strong><em>κάν</em></strong></span> <span class='ocrx_word' id='word_1_212' title='bbox 382 4569 460 4648; x_wconf 81' lang='grc' dir='ltr'><strong><em>σάρξ</em></strong></span> <span class='ocrx_word' id='word_1_213' title='bbox 482 4568 629 4650; x_wconf 80' lang='grc' dir='ltr'><strong><em>προῆλθε</em></strong></span> <span class='ocrx_word' id='word_1_214' title='bbox 649 4572 807 4651; x_wconf 79' lang='grc' dir='ltr'><strong><em>μητρικῶν</em></strong></span> <span class='ocrx_word' id='word_1_215' title='bbox 828 4569 863 4642; x_wconf 82' lang='grc' dir='ltr'><strong><em>έξ</em></strong></span> <span class='ocrx_word' id='word_1_216' title='bbox 883 4564 1038 4644; x_wconf 75' lang='grc' dir='ltr'><strong><em>αἱμάτων,</em></strong></span> 
     </span>
     <span class='ocr_line' id='line_1_37' title="bbox 297 4670 1053 4752; baseline -0.001 -19"><span class='ocrx_word' id='word_1_217' title='bbox 297 4670 370 4733; x_wconf 75' lang='grc' dir='ltr'><strong><em>ἄλλ’</em></strong></span> <span class='ocrx_word' id='word_1_218' title='bbox 392 4671 427 4734; x_wconf 76' lang='grc' dir='ltr'><strong><em>ἐκ</em></strong></span> <span class='ocrx_word' id='word_1_219' title='bbox 450 4674 529 4733; x_wconf 86' lang='grc' dir='ltr'><strong><em>θεοῦ</em></strong></span> <span class='ocrx_word' id='word_1_220' title='bbox 552 4670 622 4752; x_wconf 87' lang='grc' dir='ltr'><strong><em>φύς.</em></strong></span> <span class='ocrx_word' id='word_1_221' title='bbox 647 4676 701 4732; x_wconf 82' lang='grc' dir='ltr'><strong><em>καὶ</em></strong></span> <span class='ocrx_word' id='word_1_222' title='bbox 723 4670 890 4733; x_wconf 75' lang='grc' dir='ltr'><strong><em>κατελθών</em></strong></span> <span class='ocrx_word' id='word_1_223' title='bbox 910 4671 1053 4748; x_wconf 80' lang='grc' dir='ltr'><strong><em>ὑψόθεν,</em></strong></span> 
     </span>
     <span class='ocr_line' id='line_1_38' title="bbox 296 4772 973 4857; baseline 0 -18"><span class='ocrx_word' id='word_1_224' title='bbox 296 4775 341 4849; x_wconf 73' lang='grc' dir='ltr'><strong><em>εἰς</em></strong></span> <span class='ocrx_word' id='word_1_225' title='bbox 359 4772 512 4857; x_wconf 86' lang='grc' dir='ltr'><strong><em>ούρανούς</em></strong></span> <span class='ocrx_word' id='word_1_226' title='bbox 534 4777 635 4838; x_wconf 83' lang='grc' dir='ltr'><strong><em>άνεισι</em></strong></span> <span class='ocrx_word' id='word_1_227' title='bbox 659 4777 738 4856; x_wconf 83' lang='grc' dir='ltr'><strong><em>πρὸς</em></strong></span> <span class='ocrx_word' id='word_1_228' title='bbox 760 4776 841 4837; x_wconf 80' lang='grc' dir='ltr'><strong><em>θεὸν</em></strong></span> <span class='ocrx_word' id='word_1_229' title='bbox 864 4775 973 4839; x_wconf 87' lang='grc' dir='ltr'><strong><em>πάλιν.</em></strong></span> 
     </span>
    </p>

    <p class='ocr_par' dir='ltr' id='par_1_9' title="bbox 251 4879 993 4963">
     <span class='ocr_line' id='line_1_39' title="bbox 251 4879 993 4963; baseline -0.005 -18"><span class='ocrx_word' id='word_1_230' title='bbox 251 4882 273 4947; x_wconf 84' lang='lat'>5</span> <span class='ocrx_word' id='word_1_231' title='bbox 297 4887 351 4943; x_wconf 74' lang='grc' dir='ltr'><strong><em>καὶ</em></strong></span> <span class='ocrx_word' id='word_1_232' title='bbox 374 4884 467 4960; x_wconf 78' lang='grc' dir='ltr'><strong><em>σῶμα</em></strong></span> <span class='ocrx_word' id='word_1_233' title='bbox 489 4883 583 4943; x_wconf 85' lang='grc' dir='ltr'><strong><em>θεῖον</em></strong></span> <span class='ocrx_word' id='word_1_234' title='bbox 604 4880 639 4943; x_wconf 86' lang='grc' dir='ltr'><strong><em>έκ</em></strong></span> <span class='ocrx_word' id='word_1_235' title='bbox 660 4887 763 4963; x_wconf 82' lang='grc' dir='ltr'><strong><em>ταφῆς</em></strong></span> <span class='ocrx_word' id='word_1_236' title='bbox 785 4879 993 4962; x_wconf 82' lang='grc' dir='ltr'><strong><em>άφθαρτλσας</em></strong></span> 
     </span>
    </p>
   </div>
   <div class='ocr_carea' id='block_1_7' title="bbox 1603 2928 1811 3212">
    <p class='ocr_par' dir='ltr' id='par_1_10' title="bbox 1603 2928 1811 3212">
     <span class='ocr_line' id='line_1_40' title="bbox 1623 2928 1811 2994; baseline 0.005 -13"><span class='ocrx_word' id='word_1_237' title='bbox 1623 2946 1636 2993; x_wconf 83' lang='lat'>3</span> <span class='ocrx_word' id='word_1_238' title='bbox 1666 2928 1753 2982; x_wconf 77' lang='lat' dir='ltr'><strong>Lucas</strong></span> <span class='ocrx_word' id='word_1_239' title='bbox 1772 2949 1811 2994; x_wconf 85' lang='lat'><strong><em>24,</em></strong></span> 
     </span>
     <span class='ocr_line' id='line_1_41' title="bbox 1621 3000 1809 3065; baseline 0.027 -15"><span class='ocrx_word' id='word_1_240' title='bbox 1621 3003 1651 3065; x_wconf 85' lang='lat'><strong><em>3⁶</em></strong></span> <span class='ocrx_word' id='word_1_241' title='bbox 1673 3000 1809 3055; x_wconf 75' lang='lat' dir='ltr'><strong>lohannes</strong></span> 
     </span>
     <span class='ocr_line' id='line_1_42' title="bbox 1603 3072 1809 3139; baseline 0.019 -16"><span class='ocrx_word' id='word_1_242' title='bbox 1603 3089 1643 3136; x_wconf 84' lang='lat'><strong><em>20,</em></strong></span> <span class='ocrx_word' id='word_1_243' title='bbox 1663 3090 1692 3139; x_wconf 82' lang='lat'><strong><em>19</em></strong></span> <span class='ocrx_word' id='word_1_244' title='bbox 1708 3075 1712 3133; x_wconf 95' lang='grc' dir='ltr'>Ι</span> <span class='ocrx_word' id='word_1_245' title='bbox 1734 3072 1809 3127; x_wconf 84' lang='lat'>810·</span> 
     </span>
     <span class='ocr_line' id='line_1_43' title="bbox 1603 3142 1808 3212; baseline 0.015 -17"><span class='ocrx_word' id='word_1_246' title='bbox 1603 3142 1708 3198; x_wconf 78' lang='lat' dir='ltr'><strong>hannes</strong></span> <span class='ocrx_word' id='word_1_247' title='bbox 1726 3162 1764 3210; x_wconf 83' lang='grc' dir='ltr'><strong><em>το,</em></strong></span> <span class='ocrx_word' id='word_1_248' title='bbox 1778 3163 1808 3212; x_wconf 83' lang='lat'><strong><em>27</em></strong></span> 
     </span>
    </p>
   </div>
   <div class='ocr_carea' id='block_1_8' title="bbox 1615 4478 1805 4693">
    <p class='ocr_par' dir='ltr' id='par_1_11' title="bbox 1615 4478 1805 4693">
     <span class='ocr_line' id='line_1_44' title="bbox 1618 4478 1804 4537; baseline 0.022 -6"><span class='ocrx_word' id='word_1_249' title='bbox 1618 4497 1630 4531; x_wconf 90' lang='lat'>1</span> <span class='ocrx_word' id='word_1_250' title='bbox 1667 4478 1804 4537; x_wconf 76' lang='lat' dir='ltr'><strong>Iohannes</strong></span> 
     </span>
     <span class='ocr_line' id='line_1_45' title="bbox 1618 4553 1805 4618; baseline -0.011 -8"><span class='ocrx_word' id='word_1_251' title='bbox 1618 4570 1639 4610; x_wconf 68' lang='lat'><strong><em>1,</em></strong></span> <span class='ocrx_word' id='word_1_252' title='bbox 1660 4570 1687 4617; x_wconf 84' lang='lat'><strong><em>13</em></strong></span> <span class='ocrx_word' id='word_1_253' title='bbox 1705 4555 1708 4614; x_wconf 96' lang='grc' dir='ltr'>Ι</span> <span class='ocrx_word' id='word_1_254' title='bbox 1725 4571 1738 4618; x_wconf 83' lang='lat'>3</span> <span class='ocrx_word' id='word_1_255' title='bbox 1762 4553 1805 4608; x_wconf 90' lang='grc' dir='ltr'><strong><em>Ιο-</em></strong></span> 
     </span>
     <span class='ocr_line' id='line_1_46' title="bbox 1615 4622 1805 4693; baseline 0.016 -18"><span class='ocrx_word' id='word_1_256' title='bbox 1615 4622 1720 4679; x_wconf 76' lang='lat' dir='ltr'><strong>hannon</strong></span> <span class='ocrx_word' id='word_1_257' title='bbox 1738 4643 1761 4692; x_wconf 84' lang='lat'><strong><em>3,</em></strong></span> <span class='ocrx_word' id='word_1_258' title='bbox 1777 4644 1805 4693; x_wconf 85' lang='lat'><strong><em>¹3</em></strong></span> 
     </span>
    </p>
   </div>
   <div class='ocr_carea' id='block_1_9' title="bbox 0 0 2284 6164">
    <p class='ocr_par' dir='ltr' id='par_1_12' title="bbox 0 0 2284 6164">
     <span class='ocr_line' id='line_1_47' title="bbox 0 0 2284 6164; baseline 0 0"><span class='ocrx_word' id='word_1_259' title='bbox 0 0 2284 6164; x_wconf 95' lang='lat' dir='ltr'><strong><em> </em></strong></span> 
     </span>
    </p>
   </div>
  </div>
 </body>
</html>
