4560 6172
513 541 556 604 54

511 709 565 769 τδν
587 705 706 787 αὐχένα
728 710 783 771 τόν
805 712 882 770 καθ’
906 709 988 790 ἡμᾶς
1010 710 1046 772 τό
1067 732 1098 772 τε
1119 712 1251 790 φορτίον
1274 706 1350 789 ύπὲρ
1373 711 1428 772 τδν
1449 712 1551 772 νῶτον
1571 709 1794 785 γινώσκοντες,
1827 708 1942 774 τούτων
1962 712 2023 789 μὲν
2044 719 2110 783 τοῖς

511 808 602 892 ἡμῶν
624 810 850 893 δυνατωτέροις
871 817 1134 895 παραχωροῦμεν,
1158 811 1247 877 αὐτοὶ
1268 811 1298 874 δ’
1322 811 1499 893 άγαπῶμεν
1520 812 1670 893 ἐλαφράν
1692 815 1857 896 σωτηρίαν,
1880 814 1955 885 ἴσως
1970 815 2029 893 μέν
2044 833 2108 876 που

511 918 564 972 καὶ
592 913 727 988 ἄδοξον,
757 915 790 976 τδ
822 916 858 977 δὲ
889 915 989 978 πλέον
1019 915 1201 979 α’κίνδυνον.
1255 914 1386 998 9ταύτης
1413 918 1583 995 τοιγαροῦν
1612 917 1703 994 εύχου
1732 920 1774 997 μὴ
1798 914 1962 978 διαπεσεῖν
1983 932 2032 977 σοι
2053 917 2109 978 τόν

511 1014 623 1095 φίλον,
657 1015 729 1076 ἄλλ’
758 1014 808 1079 ὑπ’
839 1019 922 1100 αῦρᾳ
950 1022 1069 1099 πραείᾳ
1100 1024 1152 1079 καὶ
1182 1016 1279 1092 ούτως
1309 1017 1414 1100 ἡμέρῳ
1445 1020 1559 1098 κύματι
1581 1021 1661 1096 πρὸς
1682 1020 1737 1081 τὸν
1761 1018 1874 1099 λιμένα
1896 1021 1948 1099 τῆς
1969 1016 2107 1101 γαλήνης

510 1124 564 1182 τοῦ
586 1124 665 1183 θεοῦ
688 1123 889 1201 καταντῆσαι,
912 1122 946 1181 τδ
969 1122 1067 1199 τραχύ
1088 1118 1226 1195 πέλαγος
1248 1125 1338 1183 τοῦτο
1352 1125 1406 1185 τοῦ
1419 1123 1578 1202 παρόντος
1590 1123 1708 1194 αἰῶνος
1731 1161 1763 1169 -
1792 1120 1875 1184 πολὺ
1884 1122 1945 1200 μὲν
1959 1117 2107 1200 α’βρόχως

510 1223 630 1284 εἰπεῖν·
663 1221 937 1293 οἷκαταποντίστως
966 1222 994 1284 δ’
1020 1221 1077 1288 οὖν
1106 1223 1191 1302 ὅμως
1214 1260 1256 1271 -
1289 1227 1326 1309 τῇ
1353 1228 1405 1305 τής
1433 1222 1560 1306 ύψηλὴς
1588 1223 1690 1305 χειρδς
1719 1223 1901 1305 κυβερνήσει
1924 1219 2105 1305 δυνηθέντα

512 1329 659 1403 περᾶσαι.
708 1325 734 1363 ¹⁰
743 1331 795 1406 τὴς
825 1327 852 1388 δ’
879 1326 1077 1408 ἐπισφαλοῦς
1108 1327 1196 1407 οίμαι
1230 1325 1330 1388 πλέον
1364 1330 1382 1407 ἡ
1415 1326 1600 1406 ἐπικερδοῦς
1632 1327 1789 1407 ἐμπορίας
1816 1326 1947 1398 έκείνοις
1974 1326 2104 1405 μελέτω,

511 1438 574 1500 τοῖς
596 1429 633 1488 τά
658 1428 752 1511 κέρδη
773 1429 1041 1508 μεταδιῶκουσιν,
1077 1427 1119 1500 ῶς
1140 1428 1241 1510 μηδὲν
1262 1429 1498 1510 δυσχεραίνοιεν
1520 1431 1601 1509 πρδς
1622 1431 1677 1500 τάς
1697 1429 1882 1505 καταιγίδας
1904 1434 2105 1501 πυκτεύοντες

511 1536 565 1591 καὶ
586 1533 640 1612 τὴν
663 1533 743 1595 ναῦν
765 1531 818 1593 διδ
843 1530 1002 1604 κλύδωνος
1025 1531 1145 1595 πολλοῦ
1166 1534 1452 1612 παραπέμποντες·
1477 1528 1569 1613 ἱκανὴ
1586 1533 1648 1609 γάρ
1663 1533 1744 1611 πρδς
1762 1531 1891 1593 ἅπαντα
1905 1535 1957 1595 τοῦ
1972 1531 2103 1612 κέρδους

510 1629 528 1714 ἡ
552 1632 739 1713 προσδοκία.
787 1630 846 1715 Ηηί
874 1633 909 1697 δέ
939 1636 1032 1710 λόγος
1060 1632 1162 1705 οὐδεὶς
1188 1637 1401 1717 χρηματισμοῦ
1427 1657 1457 1695 τε
1487 1639 1542 1694 καὶ
1564 1630 1714 1706 πλούτου,
1746 1633 1866 1708 ἄλογον
1888 1633 2027 1707 έκτόπως
2049 1642 2103 1697 καί

510 1736 660 1817 ἄγροικον
685 1735 688 1820 ἡ
715 1735 961 1802 διακινδυνεύειν
982 1737 1035 1799 sm
1055 1744 1189 1822 ματαίῳ.
1237 1738 1379 1802 12τοῦτον
1396 1739 1473 1816 ἔχεις
1495 1735 1660 1809 ἀπόλογον
1683 1737 1762 1818 ὑπὲρ
1785 1735 1882 1818 φίλου
1905 1742 1959 1797 καὶ
2043 1736 2103 1802 47²

512 1839 600 1917 παρό
631 1837 745 1918 φίλου·
779 1844 874 1901 ταῦτα
909 1838 1166 1921 προετεινάμεθα
1203 1846 1257 1903 καὶ
1293 1843 1372 1921 πρὸς
1400 1842 1434 1902 εδ
1463 1843 1577 1920 κράτος
1606 1837 1681 1903 αύτδ
1717 1845 1770 1901 καὶ
1800 1840 1881 1918 πρός
1908 1839 1963 1921 τήν
1992 1840 2102 1919 ἑτέραν

511 1940 621 2022 α’ρχήν,
645 1943 699 2023 τήν
720 1937 812 2020 ἱεράν
834 1965 864 2002 τε
887 1948 940 2003 καὶ
959 1946 1145 2021 θειοτέραν·
1168 1947 1264 2008 ταῦτα
1279 1942 1334 2004 διδ
1351 1945 1407 2008 σού
1420 1946 1474 2004 καὶ
1490 1945 1570 2023 πρός
1583 1944 1729 2015 ἅπαντας
1744 1942 1817 2024 ἡμῖν
1836 1939 2103 2023 ἀπολελογήσθω.

514 2042 643 2114 18αύτδς
665 2044 701 2105 δέ
722 2066 777 2123 μοι
799 2048 919 2124 χαίρων
941 2045 1116 2126 έμπρέποις
1137 2056 1206 2117 ταῖς
1227 2049 1385 2127 μεγίσταις
1406 2045 1530 2126 άρχαῖς,
1555 2049 1608 2107 καὶ
1630 2043 1672 2117 ῶς
1695 2043 1829 2116 δυνατός
1851 2054 1915 2117 τοῖς
1931 2043 2102 2116 δυνάσταις

513 2144 725 2220 συνεξετάζοιο
749 2151 803 2206 καὶ
832 2152 1026 2222 συντάττοιο,
1055 2153 1163 2228 μέχρις
1192 2151 1234 2210 όν
1264 2147 1280 2209 δ
1303 2151 1462 2230 μακάριος
1483 2154 1536 2211 καὶ
1558 2147 1658 2229 μόνος
1680 2146 1835 2228 δυνάστης
1858 2151 1912 2228 τής
1933 2145 2045 2210 ἑαυτοῦ
2068 2165 2102 2209 σε

513 2249 690 2329 προσλάβοι
711 2249 939 2333 μακαριότητος
960 2254 1103 2329 μέτοχον.

600 2353 695 2419 105.
718 2373 744 2421 ς.
770 2352 844 2417 1Σοῦ
866 2360 919 2414 καὶ
941 2352 1007 2416 α’πδ
1029 2355 1187 2436 γλῶσσης,
1219 2353 1417 2433 ῶβέλτιστε,
1449 2353 1573 2434 μέλιτος
1596 2352 1695 2435 ἡδίων
1717 2349 1781 2432 ῥέει
1803 2351 1922 2434 αύδή*,
1957 2356 2011 2413 καὶ
2034 2351 2100 2415 α’πδ

511 2459 573 2518 τῶν
595 2461 708 2534 χειρῶν
729 2453 799 2540 (οῦκ
820 2455 881 2518 οἷδ’
903 2456 1005 2543 όπως)
1036 2456 1180 2538 δρνίθων
1205 2457 1319 2534 α’γέλαι
1348 2461 1428 2536 πρὸς
1458 2457 1541 2537 ἡμᾶς
1568 2461 1716 2517 ίπτανται
1747 2453 1790 2527 ῶς
1810 2455 1845 2516 έκ
1867 2453 1988 2515 κολιῶν
2009 2459 2103 2516 τινῶν

514 2559 622 2620 ἄλλων
652 2558 839 2635 πολυγόνων
866 2565 920 2620 καὶ
942 2559 1149 2642 πολυφόρων.
1196 2561 1305 2643 λόψον
1334 2556 1521 2639 αύτόματον,
1552 2556 1812 2639 δπραγμοίτευτος
1846 2557 2024 2619 πανδαισία
2060 2595 2102 2605 -

512 2663 546 2724 τδ
571 2660 761 2737 θεολογικόν
781 2661 883 2723 εἰπεῖν
903 2663 1051 2742 εὔκαιρον
1074 2700 1125 2738 --,
1162 2659 1205 2736 ῶς
1226 2662 1268 2744 μή
1293 2662 1482 2740 θαυμαστδν
1504 2659 1579 2743 ἡμῖν
1601 2659 1708 2722 δοκεῖν
1730 2660 1773 2722 ἔτι
1801 2660 1930 2743 (καίπερ
1954 2663 1992 2722 δν
2014 2665 2103 2722 θαυ-

510 2763 646 2847 μαστόν)
669 2770 702 2825 τδ
725 2765 777 2846 τὴς
799 2761 1030 2846 δρτυγομήτρας
1057 2764 1191 2847 έκείνης,
1221 2765 1259 2846 ἡν
1289 2769 1342 2825 καὶ
1371 2767 1544 2847 προφητῶν
1572 2765 1664 2824 θεῖαι
1692 2761 1833 2840 γλῶσσαι
1856 2764 1909 2826 διδ
1934 2762 2103 2845 θαύματος

511 2869 652 2942 ἄγουσιν,
676 2865 748 2929 ῶσεί
770 2866 878 2946 ἄμμον
900 2867 1016 2949 ἔβρεξε,
1038 2866 1195 2945 λέγουσαι,
1217 2869 1342 2930 πετεινὰ
1364 2865 1520 2948 πτερωτά·
1541 2867 1545 2953 ἡ
1563 2870 1596 2930 τδ
1608 2869 1670 2950 γάρ
1683 2869 1761 2929 καθ’
1773 2865 1856 2950 ἡμᾶς
1869 2873 1956 2933 τοῦτο
2043 2867 2102 2932 48¹

513 2977 646 3050 πρᾶγμα
669 2974 779 3033 πιστόν
801 2969 929 3033 κόκείνο
959 2980 1061 3046 ποιεῖ,
1089 2973 1126 3056 εὴ
1155 2969 1306 3051 δμοιοίσει
1335 2973 1389 3035 τοῦ
1419 2961 1586 3050 θαύματος
1614 2970 1648 3032 τό
1678 2969 1757 3035 πολύ
1783 2968 1941 3035 καταλῦον
1963 2972 2016 3033 τοῦ
2038 2969 2105 3031 έκεῖ

514 3073 712 3154 παραδόξου.
759 3072 859 3135 8ιύστε
882 3079 931 3135 σοὶ
952 3077 1011 3152 μὲν
1033 3073 1061 3135 εί
1082 3073 1199 3154 βούλει,
1220 3072 1416 3154 μεταμελέτω
1438 3077 1491 3156 τὴς
1511 3077 1573 3134 τῶν
1594 3076 1702 3136 τόπων
1725 3072 1903 3156 άμείψεως·
1927 3070 1969 3144 ῶς
1991 3073 2034 3133 ἄν
2057 3069 2103 3144 οίς

513 3187 631 3251 ποιεῖς,
663 3175 788 3252 μᾶλλον
811 3174 847 3237 δὲ
869 3172 910 3237 δι’
933 3170 979 3237 ῶν
1007 3174 1156 3255 πάσχεις,
1186 3179 1220 3237 τὸ
1251 3176 1303 3258 τὴς
1330 3177 1505 3256 παροιμίας
1533 3178 1689 3261 πιστῶση,
1723 3173 1774 3238 αἐί
1795 3177 1832 3237 τό
1856 3177 1968 3255 πέρυσι
1991 3173 2102 3252 βελτίω

512 3283 659 3361 τεθείσης,
683 3285 736 3340 καὶ
758 3283 792 3340 τδ
816 3278 985 3357 παρελθόν
1006 3281 1060 3343 τοῦ
1081 3277 1239 3360 παρόντος
1261 3288 1397 3360 κρεῖττον
1418 3276 1617 3362 ὁριζομένης·
1661 3281 1820 3344 4τοιοῦτον
1838 3282 1900 3359 γὰρ
1918 3275 1960 3350 ῶς
1981 3278 2104 3340 έπίπαν

511 3384 545 3445 τό
567 3387 620 3463 τής
641 3380 851 3463 α’νθρωπίνης
872 3379 1046 3453 α’σθενείας
1068 3382 1232 3462 ἁψίκορον
1254 3388 1307 3443 καί
1330 3382 1535 3459 δυσάρεστον·
1568 3381 1748 3464 μεταβολήν
1769 3384 1828 3461 μὲν
1851 3383 1982 3443 πάντων
2004 3379 2102 3461 γλυκύ

513 3486 591 3546 κατὰ
615 3486 669 3546 τδν
689 3484 821 3544 εἰπόντα
845 3482 977 3562 νομίζει,
1006 3483 1084 3545 ὅταν
1115 3483 1150 3546 δὲ
1178 3483 1340 3568 μεταβάλῃ
1371 3484 1451 3562 πρός
1476 3486 1510 3544 τδ
1540 3487 1616 3556 τέως
1638 3486 1854 3561 ποθούμενον,
1879 3482 2104 3565 σονεφέλκεταί

513 3610 580 3659 πως
602 3585 726 3647 κδκεῖσε
749 3586 850 3669 (τοῦτο
873 3584 911 3666 δὴ
934 3588 968 3647 τό
991 3587 1103 3658 πάθος
1125 3591 1178 3646 καὶ
1200 3587 1233 3648 εδ
1257 3584 1475 3667 ἀπόφθεγμα)
1499 3590 1552 3647 καί
1579 3586 1671 3650 ούδὲν
1693 3580 1782 3668 ἡττον
1804 3587 1904 3649 πάλιν
1926 3587 2104 3670 μεταβολὴν

514 3691 594 3774 ζητεῖ
613 3693 665 3751 τοῦ
689 3688 863 3767 παρόντος,
895 3693 950 3748 καλ
978 3689 1076 3761 οὕτως
1103 3690 1148 3761 είς
1178 3690 1313 3769 ἄπειρον
1343 3685 1420 3773 αύτῇ
1448 3688 1481 3751 τδ
1510 3687 1705 3770 φιλόκαινον
1726 3692 1779 3771 τὴς
1798 3690 1940 3771 τοιαύτης
1962 3687 2105 3769 όρέξεως.

513 3792 617 3874 ὁπλήν
639 3791 717 3871 ὅπερ
738 3792 866 3872 εἴρηται,
890 3796 940 3852 σοί
961 3794 1034 3871 μέν,
1069 3793 1156 3874 εἴπερ
1180 3791 1275 3865 δοκεῖ,
1300 3791 1496 3870 μεταμελέτω
1518 3794 1571 3872 τὴς
1597 3791 1857 3873 Παφλογονόθεν
1878 3791 1932 3852 έπῐ
1954 3793 2007 3852 τόν
2028 3794 2106 3869 βου-

511 3894 680 3975 κελλάριον
700 3895 918 3974 μεταθέσεως,
952 3897 1027 3974 παρ’
1057 3892 1132 3974 ἡμῖν
1162 3892 1191 3954 δ’
1214 3892 1366 3971 οὐδεμίαν
1387 3894 1495 3973 χῶραν
1516 3897 1598 3968 έξειν
1618 3893 1753 3977 ἡγοῦμαι
1775 3896 1830 3956 τόν
1852 3898 1989 3956 τοιοῦτον
2010 3894 2107 3971 μετά-

510 3996 624 4077 μελον,
646 3999 698 4078 τὴς
721 4000 776 4078 σής
797 3993 936 4077 άπορίας
958 4001 1011 4056 καί
1034 4001 1154 4072 πενίας,
1179 3996 1221 4069 ῶς
1243 3998 1320 4079 φής,
1345 3994 1382 4061 οῦ
1404 4000 1558 4075 πενιχρῶς
1580 3996 1748 4080 ούγαρούν,
1773 3997 1777 4081 ἡ
1802 3995 1887 4057 α’λλδ
1910 4001 1964 4056 καὶ
2049 3994 2107 4061 48⁸

513 4101 586 4162 λίαν
608 4099 766 4171 πλουσίως
789 4105 1030 4180 κατατρυφῶσι,
1065 4105 1119 4161 καλ
1147 4110 1211 4171 τοῖς
1241 4097 1381 4163 αὐτόθεν
1410 4101 1541 4173 πολλοῖς
1562 4107 1615 4160 καί
1638 4100 1814 4182 φιλοτίμοις
1836 4098 2107 4180 δωροφορήμασιν

513 4205 749 4266 ένευπαθοῦσιν
781 4201 859 4265 ούτω
890 4202 1084 4277 πολυτελῶς,
1117 4207 1171 4265 ίνα
1201 4204 1263 4263 κάν
1285 4198 1380 4285 τούτῳ
1403 4200 1500 4288 δόξης
1523 4206 1708 4284 σεμνότερος
1729 4200 1821 4276 αύτδς
1842 4200 1972 4280 ἑαυτοῦ,
2007 4202 2108 4278 λέγων

512 4312 571 4385 μὲν
591 4306 673 4368 είναι
697 4307 802 4387 πένης,
827 4304 1001 4379 πλουτίζων
1023 4305 1058 4367 δὲ
1081 4304 1217 4380 ἄλλους,
1251 4309 1304 4364 καί
1333 4305 1414 4384 πρός
1445 4310 1527 4385 μέγα
1548 4305 1755 4386 παράδειγμα
1777 4307 1893 4368 σαυτόν
1915 4303 2106 4381 άπεικάζων,

512 4413 573 4487 εἴγε
595 4409 649 4470 τδν
671 4406 894 4486 πτωχεύσοντα
917 4407 1023 4482 σίδας,
1058 4409 1099 4470 ἵν’
1127 4408 1214 4489 ἡμεῖς
1245 4409 1280 4496 σή
1307 4407 1428 4469 έκείνου
1457 4410 1596 4487 πτωχείᾳ
1626 4408 1850 4486 πλουτίσωμεν.
1896 4407 2048 4487 6εύχομαι
2072 4408 2108 4470 δὲ

511 4511 638 4595 μᾶλλον
660 4514 693 4572 τδ
715 4513 821 4591 ἕτερον
843 4510 895 4591 έφ’
919 4507 994 4591 ἡμῖν
1017 4516 1070 4570 καί
1092 4511 1175 4572 είναι
1198 4515 1252 4571 καλ
1272 4509 1435 4585 λέγεσθαι,
1460 4512 1491 4574 τδ
1518 4510 1573 4572 »έκ
1595 4515 1648 4573 τοῦΙ
1670 4511 1880 4592 πληρώματος
1903 4508 1998 4574 αὐτοῦ
2021 4508 2108 4593 ἡμεῖς

585 4703 596 4735 τ
617 4682 684 4737 Ilias
703 4701 721 4732 α
739 4699 798 4748 249:
815 4681 945 4734 nolebam
963 4685 1081 4749 γλοκιων
1098 4681 1219 4735 scribere
1235 4683 1239 4744 Ι
1256 4700 1271 4733 ι
1290 4680 1382 4733 Ρεελτο
1401 4683 1432 4742 οζ
1448 4698 1477 4747 τη
1494 4684 1498 4744 Ι
1515 4701 1527 4748 3
1549 4681 1709 4750 Αροείοίἱυε
1722 4701 1749 4743 ις
1764 4701 1792 4734 12
1815 4681 1995 4736 Edeheutseh
2009 4698 2110 4752 eorpus

514 4752 828 4886 ηηηηοθηίηφηηρὴοτεω
845 4767 1008 4819 graecorum
1025 4752 1052 4804 11
1068 4757 1113 4819 ⁶59
1134 4753 1137 4819 ἡ
1159 4771 1175 4816 4
1190 4750 1350 4820 Apostolius
1365 4770 1395 4803 ια
1410 4751 1453 4818 31’
1474 4752 1594 4807 Leutoch
1609 4753 1632 4808 ll
1650 4770 1695 4819 523
1712 4755 1745 4820 15
1767 4752 1884 4807 Corinth
1902 4759 1920 4820 β
1940 4757 1962 4818 Β,
1981 4770 1995 4819 9
2012 4754 2016 4818 Ι
2033 4757 2047 4805 6
2068 4752 2111 4807 Ιο-
