4560 6172
353 546 432 613 1⁸⁷
1882 554 1944 618 201

351 715 471 796 δρομῆς
493 712 661 792 άρπαγμα,
693 712 766 775 ἄλλ’
789 715 940 776 ἔπαθλον
964 716 968 799 Ι
993 716 1133 798 σπουδῆς
1155 723 1208 778 καί
1233 719 1427 801 φιλοπονίας
1448 721 1485 782 τά
1508 725 1638 784 τοιαῦτα
1661 724 1720 784 νύν
1740 721 1795 802 μό-
1866 725 1946 790 289²

352 840 418 891 νοις
438 829 503 890 τοῖς
525 815 628 890 άξίοις
650 821 851 896 προκείμενα.

440 921 566 985 ”oium
588 923 695 983 τοίνυν
720 921 795 1002 ῆμῖν
817 921 996 983 διανυσθέν
1026 923 1059 984 τὸ
1091 922 1290 1003 κατόρθωμα
1320 931 1355 1014 τῆ
1385 929 1439 989 τού
1467 931 1639 1007 κρείττονος
1660 928 1762 1009 χάριτι
1785 927 1942 1005 διαμείκοι

348 1029 439 1105 μέχρι
462 1025 581 1096 παντός
602 1026 657 1107 τήν
681 1023 841 1086 πολιτείαν
865 1030 1031 1104 σεμνύνου,
1054 1031 1107 1086 καὶ
1128 1026 1237 1108 μηδεὶς
1258 1025 1334 1090 αύτδ
1356 1030 1488 1109 χρόνος,
1518 1032 1560 1112 μή
1584 1030 1712 1110 φθόνος
1734 1033 1796 1091 τῶν
1816 1033 1941 1092 κακῶν*

349 1125 532 1206 ἀποσβέσαι,
556 1126 640 1188 άλλά
665 1127 720 1189 διά
743 1127 852 1199 τέλους
873 1127 1043 1207 ἐκλάμπον,
1067 1128 1328 1208 σπουδαζόμενον
1349 1131 1400 1194 δελ
1423 1139 1477 1194 καί
1498 1134 1674 1213 τιμαίμενον
1696 1132 1759 1196 ὑπό
1783 1138 1846 1195 τῶν
1869 1132 1940 1216 ἑξῆς

349 1237 466 1307 γενεάν
488 1238 541 1290 καί
564 1228 769 1311 δικαιοσύνην
792 1228 899 1291 άίδιον
922 1231 1136 1310 ἐπιβραβεύον
1158 1238 1200 1314 τῷ
1223 1235 1294 1315 βίῳ.

438 1331 466 1370 ²³
477 1336 586 1394 Ταῦτα
608 1338 663 1393 καλ
685 1337 766 1412 πρὸς
788 1332 889 1406 δόξαν
913 1337 991 1395 θεοῦ
1019 1339 1072 1394 καὶ
1100 1332 1181 1414 πρὸς
1200 1335 1327 1415 μνήμην
1348 1333 1522 1398 οῗθοίνατον
1543 1342 1596 1419 τῆς
1619 1336 1710 1419 ήμῶν
1730 1340 1939 1422 γαληνότητος

350 1439 530 1515 πέπρακταί
551 1458 582 1497 τε
604 1440 658 1496 καί
678 1439 869 1513 γέγραπται,
898 1440 980 1515 μέγα
1010 1439 1106 1517 μέρος
1133 1436 1266 1514 έσόμενα
1294 1443 1335 1520 τῷ
1359 1440 1465 1522 κόσμῳ
1487 1444 1540 1521 τῆς
1561 1439 1706 1516 εὐταξίας
1727 1446 1781 1502 καὶ
1804 1442 1889 1505 πολύ
1910 1466 1937 1506 τι

351 1537 471 1600 καλλίω
501 1543 555 1600 καί
583 1544 833 1619 συμφωνοτέραν
860 1538 1107 1619 άπεργασόμενα
1136 1541 1191 1621 τῆν
1221 1537 1381 1619 ἁρμονίαν
1410 1546 1464 1604 τού
1492 1543 1728 1623 πολιτεύματος.
1760 1549 1858 1612 ταῦτα
1884 1553 1937 1608 καὶ

353 1641 440 1719 ύμεῖς
468 1642 545 1721 παρ’
570 1641 658 1722 ῆμάν
686 1642 940 1725 ολκονομηθέντα
970 1644 1135 1721 δεξάμενοι
1171 1643 1224 1704 έπλ
1253 1647 1325 1731 τιμή
1353 1666 1384 1705 τε
1412 1649 1464 1705 καὶ
1493 1645 1572 1732 δόξη
1601 1649 1654 1729 τῆς
1683 1644 1773 1725 ὑμῶν
1803 1647 1935 1730 ήλικίας,

351 1741 377 1805 ὦ
406 1745 679 1828 φιλομαθέστατοι
711 1750 787 1820 νέοι,
818 1743 948 1825 χάριτας
977 1749 1121 1824 μεγίστας
1150 1744 1289 1807 α’πόδοτε
1324 1750 1360 1834 τῆ
1395 1746 1547 1810 α’νωτάτω
1577 1749 1702 1830 θεότητι
1735 1750 1753 1833 ῆ
1783 1752 1935 1836 τοσαύτην

352 1849 441 1928 ὑμῶν
461 1873 491 1910 τε
515 1855 568 1909 καλ
591 1852 652 1911 τοίν
674 1851 751 1928 μεθ’
773 1848 855 1927 ὑμᾶς
878 1850 1038 1929 έσομένων
1061 1851 1152 1912 ἔθετο
1183 1851 1359 1930 πρόνοιαν·
1391 1850 1475 1930 ἅπερ
1505 1852 1566 1933 γάρ
1596 1851 1754 1936 ἐχαρίσθη
1782 1857 1844 1915 τοίν
1871 1857 1934 1935 πρό

352 1950 440 2031 ὑμῶν
463 1949 585 2026 ούδενί,
616 1959 714 2016 ταύτα
746 1959 806 2017 νύν
835 1953 1033 2036 φιλαγάθως
1054 1950 1115 2016 ὑπό
1138 1958 1190 2034 τῆς
1213 1956 1307 2025 θείας
1328 1952 1528 2036 χρηστότητος
1549 1953 1625 2033 ἑμῖν
1647 1954 1869 2050 ἐφιλοτιμήθη,
1891 1961 1933 2018 ἵν’

350 2057 447 2135 ἔχοιτε
469 2059 609 2118 κτᾶσθαι
632 2057 752 2139 ῥᾳδίαν
773 2058 854 2121 ούτω
877 2061 930 2116 καὶ
953 2058 1078 2118 ἄπονον
1100 2058 1154 2138 τῆν
1176 2057 1407 2142 πολλοάσχολον
1436 2062 1490 2118 καί
1519 2057 1709 2139 δυσέφικτον
1728 2065 1791 2121 τῶν
1856 2062 1933 2126 290¹

350 2162 460 2239 νόμων
482 2159 682 2242 παραδοχήν,
706 2165 760 2222 καὶ
781 2164 1046 2243 κατειργασμένην
1069 2162 1173 2241 οίσπερ
1196 2164 1316 2243 τροφήν
1338 2163 1393 2243 τήν
1415 2161 1551 2245 διδαχῆν
1569 2160 1801 2242 ἑποδέχοισθε·
1831 2162 1933 2227 οδκέτι

349 2265 411 2343 γάρ
441 2260 528 2343 ὑμεῖς
556 2262 599 2336 ὥς
629 2261 659 2326 τί
688 2265 840 2346 πρότερον
869 2265 1032 2344 αἰνίγμασι
1061 2270 1114 2325 καλ
1143 2268 1270 2346 γρίφοις
1298 2263 1482 2338 έντεύξεσθε
1509 2275 1640 2344 γυμνοῖς
1660 2265 1833 2348 ἐξηγήσεως
1856 2269 1933 2354 (τοῖς

349 2377 492 2447 νομικοῖς
513 2368 593 2442 λέγω
616 2366 785 2451 ῥήμασιν),
817 2366 883 2431 οὐδ’
906 2367 1010 2448 αἷσπερ
1039 2372 1187 2450 χρησμῶν
1216 2371 1310 2430 τινοῖν
1332 2368 1436 2442 λοξῶν
1457 2368 1691 2443 έπακούσεσθε,
1724 2369 1830 2433 άλλου
1852 2395 1929 2457 χρη-

351 2474 475 2552 στηρίου
504 2470 665 2550 δεομένων
693 2471 738 2543 είς
766 2474 821 2552 τήν
849 2469 1039 2553 σαφήνειαν,
1071 2470 1144 2535 ούδὲ
1173 2479 1225 2552 τῆς
1255 2470 1359 2534 αὐτῶν
1389 2471 1535 2543 διανοίας
1557 2470 1747 2552 ἀμφιβόλως
1769 2496 1932 2553 καταμαν-

350 2575 507 2648 τεύσεσθε,
529 2571 619 2636 αύτολ
641 2575 703 2655 πρό
726 2578 788 2636 τοῖν
810 2572 919 2635 ἄλλων
941 2573 1064 2646 ἑαυτοῖς
1086 2573 1289 2646 άπιστούντες
1310 2579 1381 2656 περὶ
1403 2569 1449 2637 ὧν
1471 2577 1513 2635 ἄν
1534 2578 1588 2634 καλ
1603 2574 1726 2649 δόξοιτε
1740 2575 1933 2657 καταλαβεῖν

348 2677 384 2739 δν
405 2677 552 2750 ἐκείνοις,
579 2676 652 2738 ἀλλ’
674 2674 890 2762 εύκρινεστάτη
911 2681 970 2757 μὲν
991 2675 1150 2758 ἑρμηνείᾳ,
1174 2679 1474 2765 πεπαρρησιασμένη
1498 2677 1534 2738 δὲ
1555 2676 1673 2763 γλιόττη
1696 2683 1748 2739 καὶ
1772 2680 1933 2758 πανταχό-

350 2784 411 2841 θεν
434 2779 547 2867 έχούση
570 2785 603 2841 τό
626 2779 754 2860 α’κριβές
776 2803 806 2841 τε
828 2784 881 2841 καὶ
904 2783 1036 2857 βέβαιον
1058 2781 1125 2852 τοὺς
1148 2776 1354 2862 σωτηριοίδεις
1375 2783 1438 2841 τῶν
1460 2781 1568 2858 νόμων
1598 2780 1815 2856 ἐπιγνώσεσθε
1845 2783 1932 2858 λογι-

348 2886 454 2963 σμούς,
477 2887 532 2944 καί
553 2886 633 2963 πρὸς
654 2894 717 2955 τοῖς
739 2888 800 2945 τῶν
822 2881 962 2963 α’ψύχων
982 2884 1146 2963 γράμμασι
1167 2883 1287 2961 βίβλων
1308 2883 1351 2945 ἔτι
1373 2889 1427 2943 καὶ
1441 2880 1538 2964 ζοίσης
1553 2879 1730 2948 α’κούσεσθε
1744 2887 1806 2946 τῶν
1821 2890 1931 2965 νόμων

349 2991 473 3068 φωνῆς,
501 2987 540 3068 ῆν
562 2984 579 3069 ῆ
602 2986 776 3070 γαληνότης
799 2984 887 3067 ήμῶν
909 2986 1098 3060 ἐξάκουστον
1119 2995 1183 3057 τοῖς
1205 2989 1303 3047 πάσιν
1325 2983 1464 3067 η’χοῦσαν
1486 2986 1522 3046 έν
1548 2988 1634 3069 μέσῳ
1664 2989 1842 3068 προέθηκε,
1877 2992 1932 3062 τάς

347 3088 561 3170 παραθύρους
581 3093 640 3168 μὲν
663 3089 898 3164 άποκλείοασα,
929 3093 1008 3168 μίαν
1037 3090 1072 3150 δὲ
1102 3088 1257 3150 πλατεῖαν
1278 3088 1435 3161 άνοίξασα
1458 3093 1512 3148 καὶ
1532 3089 1699 3169 βασιλικήν
1719 3086 1793 3169 ύμῖν
1816 3091 1931 3175 πύλην,

349 3193 390 3256 δι’
413 3188 448 3276 ής
469 3192 707 3273 ἀνεμποδίστως
729 3190 771 3265 ιὲς
792 3192 956 3270 βούλεσθε,
979 3192 1198 3253 ελσελεύσεσθέ
1212 3214 1244 3253 τε
1259 3195 1312 3253 καὶ
1327 3191 1530 3265 έξελεύσεσθε
1544 3197 1596 3252 καί
1613 3194 1714 3274 νομῆν
1731 3191 1735 3277 j
1752 3194 1788 3254 ἐν
1853 3195 1932 3260 290²

348 3296 458 3377 νόμοις
482 3297 624 3378 εὲρήσετε
653 3302 707 3378 τῆν
734 3294 810 3376 ύμῖν
840 3294 1027 3378 ζητουμένην
1049 3300 1138 3373 παρά
1162 3301 1198 3382 τῇ
1220 3297 1390 3377 πανσέπτῳ
1412 3292 1508 3381 ταυτη
1530 3301 1584 3355 καί
1606 3298 1684 3374 θείᾳ
1705 3302 1760 3359 τού
1781 3320 1932 3376 τροπαιο·

350 3400 454 3481 φόρου
475 3406 575 3488 μονή·
599 3397 679 3484 η’τινι
702 3406 755 3460 καί
777 3402 909 3478 χάριτας
930 3401 1054 3459 εἴσεσθε
1078 3399 1208 3470 δικαίως
1226 3397 1365 3475 πολλάς,
1398 3403 1451 3458 καὶ
1473 3397 1516 3470 ὡς
1541 3403 1631 3479 μητρὶ
1661 3406 1714 3460 καί
1742 3408 1851 3485 τροφῷ
1882 3408 1933 3485 τῆς

349 3503 498 3583 ὑμετέρας
528 3502 724 3575 παιδεύσεως
753 3500 933 3564 α’ποδοίσετε
962 3507 1149 3579 πρέπουσαν
1179 3501 1262 3563 αίδῶ
1294 3505 1347 3561 καλ
1375 3500 1484 3580 τιμήν,
1516 3505 1570 3561 καί
1601 3504 1668 3574 τούς
1699 3503 1846 3580 α’γαθούς
1878 3513 1932 3567 καὶ

347 3605 548 3684 εὐηντόμονας
570 3608 746 3687 μιμήσεσθε
767 3605 930 3683 γεωργούς,
953 3610 987 3666 ot
1008 3606 1062 3684 τῆν
1083 3607 1264 3686 τρέφουσαν
1285 3609 1344 3684 γῆν
1359 3603 1551 3686 φιλοκαλίας
1572 3604 1615 3666 δι’
1631 3604 1709 3668 ὅλου
1724 3606 1933 3690 παντοδαπῆς

347 3709 481 3784 ἀξιοῦσι,
504 3716 557 3771 καί
580 3709 635 3789 οὐχ
658 3708 747 3784 ἅπαξ
769 3708 970 3790 δρεψάμενοι
991 3710 1062 3780 τοὺς
1083 3708 1192 3790 ταύτης
1214 3712 1367 3788 καρπούς,
1390 3706 1636 3789 άκανθοφορεῖν
1649 3711 1745 3788 μετδ*
1766 3714 1862 3774 ταῦτα
1879 3719 1932 3772 καί

277 3830 288 3844 ‘
347 3813 522 3893 ύλομανεῖν
544 3813 798 3885 καταλείπουσιν,
828 3808 901 3871 ἀλλ’
924 3811 1011 3881 ὅπως
1032 3811 1194 3892 εὔχρηστος
1223 3812 1308 3872 ἔσται
1338 3810 1489 3892 διηνεκῶς
1511 3817 1564 3871 καὶ
1587 3813 1659 3884 τούς
1680 3817 1767 3885 ίσοος
1787 3815 1932 3894 καρπούς

346 3914 548 3981 α’ποδιδοῦσα
570 3917 716 3996 διαμενεῖ
736 3913 842 3986 αὐτοῖς
864 3937 895 3976 τε
912 3914 1043 3986 έκείνοις
1065 3918 1119 3975 καί
1140 3923 1204 3986 τοῖς
1217 3916 1281 3994 μετ’
1297 3911 1411 3986 αύτούς
1424 3913 1470 3988 ελς
1484 3913 1534 3975 άελ
1549 3919 1810 3995 καρπωσαμένοις
1827 3915 1932 4000 αύτήν,

347 4018 494 4098 ἐπιμελὲς
514 4021 607 4099 ἔργον
628 4023 786 4081 τίθενται·
821 4019 876 4079 τόν
897 4020 967 4080 ἴσον
988 4015 1047 4079 ούν
1069 4015 1188 4098 τρόπον
1211 4023 1264 4077 καλ
1286 4016 1383 4095 ὑμεῖς,
1407 4013 1433 4079 ω’
1454 4028 1614 4093 γενναῖοι,
1644 4019 1699 4100 τήν
1721 4018 1932 4100 φιλόστοργον

346 4124 443 4195 όντως
465 4126 599 4205 τιθηνον
620 4122 709 4204 ὑμῶν
730 4122 841 4203 ταύτην
863 4128 916 4182 καί
937 4126 989 4201 τῆς
1012 4119 1099 4183 πάνυ
1114 4121 1272 4198 βελτίονος
1286 4123 1404 4202 τροφῆς
1417 4123 1552 4204 χορηγόν
1566 4120 1693 4194 ελκότως
1714 4124 1758 4182 ἄν
1780 4122 1834 4184 διδ
1859 4127 1932 4203 βίου

346 4228 521 4305 στέργοντες
542 4227 680 4301 ἔσοισθε,
704 4228 757 4287 καὶ
779 4223 863 4285 καλοί
885 4227 945 4301 μὲν
966 4223 1060 4310 ταύτη
1081 4234 1228 4305 τροφεῖα,
1251 4223 1335 4286 καλά
1360 4224 1396 4285 δὲ
1419 4223 1625 4297 σπουδάζοιτο
1646 4228 1799 4306 παρέχειν
1820 4229 1856 4289 τοί
1881 4227 1931 4290 δι-

345 4328 518 4405 δασκάλια,
541 4329 642 4410 ἔργοις
665 4333 744 4390 πᾶσι
766 4332 820 4388 καί
841 4325 947 4404 λόγοις
968 4323 1023 4409 τήν
1046 4328 1203 4409 διαμονήν
1225 4325 1302 4414 αὐτῇ
1324 4330 1378 4388 καλ
1392 4329 1447 4409 τήν
1462 4329 1620 4402 σύστασιν,
1644 4332 1698 4388 καί
1718 4332 1782 4411 μῆν
1803 4336 1857 4392 καί
1878 4333 1933 4413 τήν

343 4433 387 4506 είς
409 4436 443 4496 τδ
465 4443 602 4513 κρεῖττον
623 4433 768 4495 έπίδοσιν
790 4429 995 4517 φιλοπόνως)
1014 4430 1318 4511 πραγματευόμενοι,
1342 4434 1395 4491 καλ
1417 4427 1461 4503 τός
1476 4436 1578 4492 πιστοί
1592 4433 1701 4513 ταύτης
1716 4425 1788 4510 τρό-
1855 4435 1932 4500 291ι

343 4556 437 4618 φιμοι
459 4541 623 4615 πανταχοῦ
646 4540 726 4617 πρὸς
748 4531 846 4615 αδτῆν
866 4533 1074 4616 γνησιτύτερον
1096 4533 1303 4612 διακείμενοι,
1327 4533 1371 4606 οἷς
1392 4535 1435 4594 δν
1456 4543 1524 4607 ταῖς
1546 4534 1581 4608 έξ
1602 4532 1693 4613 ὑμῶν
1714 4536 1932 4616 συγκροτήσεσι

341 4644 469 4704 τοιαῦτα
491 4643 546 4701 καί
568 4644 691 4719 κρείττω
713 4641 758 4713 είς
778 4642 832 4701 τόν
855 4636 984 4698 ἅπαντα
1006 4635 1124 4716 χρόνον
1151 4639 1216 4715 ἔχοι
1245 4647 1475 4718 καρποφορεῖν,
1503 4634 1629 4716 εὐμενὲς
1657 4637 1850 4719 έφοροίντων
1880 4641 1931 4702 ἐπ’

343 4741 441 4827 αύτῆν
462 4744 595 4804 ἄνωθεν
616 4747 678 4806 τιύν
708 4742 896 4827 ὀφθαλμῶν
925 4744 978 4803 τοῦ
1010 4744 1101 4804 θεοῦ.
1191 4737 1315 4802 24α’λλδ
1342 4742 1433 4803 τοῦτο
1460 4743 1521 4819 μὲν
1550 4739 1681 4822 σφόδρα
1710 4747 1764 4802 ταλ
1794 4745 1933 4822 θαρρεῖν

415 4886 444 4920 22
462 4865 553 4918 καλῶν
570 4865 766 4935 apographum
783 4867 787 4928 Ι
804 4882 832 4930 ²³
852 4862 882 4915 in
899 4861 965 4930 μετὰ
984 4880 1003 4913 α
1021 4878 1055 4916 ex
1077 4861 1093 4912 ά
1113 4878 1164 4930 per
1182 4861 1333 4931 σιτήσι-τω]
1353 4860 1460 4917 factum
1478 4861 1499 4916 0
1519 4860 1689 4914 διαδιιαουδ

1568 4971 1615 5035 26
