4560 6172
1758 515 1801 583 85

673 687 768 749 άσιτα
784 681 961 767 -κάδιόρητα
984 683 1127 768 φορμίζω
1148 685 1239 770 μέλη,

206 790 245 852 τά
264 788 448 872 γράμματα.
492 789 568 854 4ἐπὶ
590 792 691 854 πᾶσιν
711 786 746 852 εῦ
768 787 852 868 ἔχοις
873 809 945 869 μοι,
979 792 1033 849 καί
1054 786 1249 869 προκόπτοις
1270 787 1367 864 οῦτως
1389 787 1505 866 ὀξέως,
1532 785 1589 855 οῦκ
1611 787 1801 870 ἀναβαίνων

204 892 332 974 μάλλον
353 894 428 966 τοῦς
450 893 531 956 κατά
555 895 589 956 σὲ
610 894 762 975 βαθμοὺς
781 888 909 964 τούτους
931 893 952 973 ἢ
972 894 1127 972 ταχίστοις
1148 895 1227 956 τισίν
1249 890 1441 974 ὠκυπτέροις
1463 890 1659 976 παραδόξως
1689 895 1801 978 ὑπερι-

207 997 373 1078 πτάμενος.

292 1104 384 1170 157.
417 1122 464 1185 νη.
500 1100 589 1182 ιΤήν
610 1098 717 1182 εῦγενή
740 1096 857 1180 τριάδα
878 1100 940 1161 τόν
962 1096 1134 1182 α’δελφῦν,
1165 1097 1221 1163 τὸν
1249 1099 1351 1195 ηαλόν
1371 1123 1403 1164 τε
1425 1105 1480 1164 καὶ
1501 1099 1628 1185 η’διστον
1649 1104 1703 1185 τής
1723 1103 1800 1187 ἐμής

204 1203 355 1279 παιδείας
376 1201 514 1285 καρπόν,
544 1202 630 1286 φιλοῖ
658 1207 718 1286 μὲν
745 1201 789 1276 ὠς
817 1204 911 1265 τέκνα
932 1226 963 1265 τε
985 1207 1040 1265 καί
1060 1203 1229 1285 σπλάγχνα
1252 1201 1327 1287 ἐμά.
1358 1204 1444 1285 φιλῦ
1473 1209 1526 1269 καί
1548 1205 1633 1283 λίαν,
1663 1203 1699 1272 εὖ
1720 1208 1798 1271 ἴστε·

204 1308 315 1371 καὶτὸ
336 1307 480 1391 φίλτρον,
503 1304 570 1368 οἷον
591 1306 795 1393 ἐξηρημένον.
824 1309 879 1369 καί
899 1304 918 1389 ή
941 1304 1062 1390 α’γάπη,
1087 1305 1326 1391 διαφερόντως,
1349 1308 1379 1369 εί
1399 1312 1487 1372 τοῦτο
1509 1306 1615 1388 ὑμεῖς,
1639 1308 1683 1383 ὥς
1704 1315 1801 1396 σοφοὶ

204 1413 248 1497 τῷ
271 1411 338 1474 ὄντι
360 1414 414 1473 καὶ
437 1409 556 1489 λόγιοι,
588 1410 643 1492 τήν
672 1412 814 1492 ψυχικήν
843 1406 996 1472 διάθεσιν
1024 1412 1156 1490 κρίνετε·
1185 1410 1338 1488 ἐπείτοιγε
1359 1415 1422 1473 τῶν
1444 1411 1569 1487 ἔξωθεν
1592 1410 1800 1491 άποδείξεων,

204 1513 245 1586 ἃς
267 1512 333 1597 όριῦ
354 1515 424 1586 τοῦς
446 1511 584 1583 πολλοῦς
607 1508 831 1595 άπαραιτήτως
850 1511 1093 1593 εἰσπράττοντας
1113 1513 1159 1586 είς
1187 1518 1243 1595 τήν
1273 1517 1325 1597 τής
1358 1514 1469 1596 φιλίας
1484 1517 1713 1597 παράστασιν,
1743 1516 1801 1598 οὐχ

205 1615 294 1700 ἡμεῖς
318 1615 389 1680 ἀλλ’
410 1620 507 1697 ἕτεροι
529 1615 645 1695 κῦριοι·
669 1613 715 1688 οἷς
737 1613 847 1697 α’νήκει
863 1614 986 1699 δηλαδή
1001 1619 1039 1678 τὰ
1055 1615 1166 1677 κοινά·
1192 1616 1238 1679 ²20
1262 1617 1290 1680 δ’
1312 1615 1390 1681 όσον
1411 1618 1473 1705 είςΙ
1490 1619 1546 1700 τήν
1567 1617 1653 1684 ῦπό-
1742 1621 1800 1689 992

205 1737 330 1803 μνησιν,
354 1718 440 1782 όκνιῦ
460 1722 520 1799 μὲν
541 1717 644 1780 εἰπεῖν
665 1714 709 1792 ὠς
729 1718 915 1800 ἐγχειρηθὲν
943 1716 999 1783 οῦκ
1026 1717 1195 1802 εῦτῦχηται.
1248 1718 1266 1782 ό
1298 1720 1326 1783 δ’
1357 1717 1414 1786 οῦν
1443 1719 1588 1802 α’δελφδς
1617 1723 1801 1808 προετράπη

205 1826 239 1884 τό
265 1826 345 1906 πρὸς
366 1820 505 1903 δύναμιν
527 1818 625 1895 αὖθις
647 1821 854 1904 ἐπιχειρήσαι.
887 1824 967 1886 θεοῦ
997 1821 1033 1884 δὲ
1061 1823 1095 1885 τδ
1125 1822 1214 1896 τέλος
1243 1828 1297 1885 καὶ
1327 1823 1345 1907 ἢ
1376 1827 1429 1908 τῆς
1457 1825 1598 1909 ἐφέσεως
1627 1825 1799 1908 πλήρωσις.

207 1925 301 1988 ’ἄλλ’
324 1925 411 2009 ῦμεῖς
433 1927 580 2010 ἔρρωσθέ
600 1949 656 2008 μοι
681 1930 736 1986 καὶ
763 1929 901 2007 χαίροιτε
929 1930 1020 2010 κοινή
1049 1930 1104 1990 καὶ
1132 1930 1342 2010 συγχαίροιτε,
1373 1932 1429 1991 καὶ
1455 1932 1511 1994 τοῦ
1540 1932 1615 1992 ποτε
1641 1933 1802 2013 γνωρίμου

206 2035 261 2092 καί
282 2030 380 2114 φίλου
401 2029 508 2113 μνήμη
530 2052 575 2103 τις
596 2026 670 2108 ῦμῖν
692 2028 737 2092 ἔτι
759 2029 898 2113 σῴζοιτο.

293 2137 389 2203 158.
423 2137 479 2196 νθ.
516 2130 661 2206 1Ἱκανῦς
691 2129 775 2214 ήμάς
804 2130 1016 2216 ἀνεκτήσαντο
1045 2136 1161 2214 μικροῦ
1189 2156 1217 2196 τι
1245 2132 1524 2214 λειποθυμυῦντας
1554 2137 1636 2216 πρός
1662 2138 1717 2220 τήν
1738 2141 1802 2199 τόν

206 2239 315 2300 κακῶν
336 2236 538 2302 ἐπισῦστασιν
562 2233 597 2297 αἱ
620 2237 723 2317 σοφαί
743 2253 801 2298 σου
829 2241 884 2297 καὶ
912 2239 1003 2298 θεῖαι
1033 2242 1089 2298 καὶ
1117 2241 1247 2320 χρησταί
1273 2236 1488 2320 παρακλήσεις
1518 2238 1558 2312 ἃς
1587 2237 1708 2302 ἐνέθου
1738 2251 1802 2313 τοῖς

205 2342 398 2425 γράμμασιν,
420 2342 456 2404 ἐκ
477 2343 532 2404 τοῦ
554 2338 686 2415 α’γαθοῦ
708 2337 874 2422 θησαυροῦ
897 2337 1023 2402 παλαιά
1046 2339 1205 2422 παράγων
1227 2343 1281 2401 καί
1303 2341 1396 2419 νέα*,
1430 2344 1485 2402 καὶ
1507 2344 1602 2403 παντὶ
1624 2343 1803 2421 θεραπείας

206 2448 261 2507 καὶ
284 2447 493 2526 ψυχαγωγίας
514 2441 675 2523 χριόμενος
697 2443 820 2527 τρόπῳ·
853 2439 931 2506 ἄνθ’
954 2436 1000 2505 ὦν
1021 2443 1241 2523 παρακαλέσοι
1264 2446 1319 2505 καὶ
1339 2447 1374 2505 σὲ
1397 2441 1414 2506 ό
1437 2443 1730 2524 ἐπαναπαυόμενός
1753 2463 1803 2508 σοι

206 2554 261 2611 καί
282 2550 426 2627 ἐνοικοῦν,
458 2549 547 2627 οἶμαι
570 2546 600 2609 δ’
622 2545 669 2608 ὅτι
691 2551 746 2608 καὶ
766 2545 992 2629 ἐμπεριπατῶν
1020 2546 1075 2609 διὰ
1106 2547 1162 2631 τήν
1189 2544 1388 2629 εὐρυχωρίαν
1414 2552 1467 2631 τῆς
1498 2548 1719 2631 καθαρότητος
1748 2555 1803 2611 καὶ

206 2655 240 2739 τό
271 2653 393 2727 πλάτος
422 2655 475 2736 τής
500 2649 595 2713 ἔνδον
622 2650 703 2713 κατά
734 2653 790 2732 τήν
817 2650 957 2731 καρδίαν
984 2648 1175 2730 έτοιμασίας.
1223 2649 1339 2734 ἐχάρις
1369 2649 1426 2713 οῦν
1456 2668 1506 2713 σοι
1534 2654 1660 2735 μεγίστη
1684 2656 1802 2715 τόντε

207 2757 327 2834 ἄλλων,
350 2760 479 2840 καὶτῆς
500 2753 641 2837 α’γάπης,
664 2754 683 2837 ἢ
706 2754 886 2837 κεφάλαιον
910 2751 990 2818 οῦσα
1013 2755 1113 2833 νόμου
1135 2758 1190 2815 καί
1212 2755 1412 2838 προφητῶν*,
1437 2756 1495 2819 νῦν
1516 2753 1553 2816 λν
1574 2753 1649 2817 λίαν
1672 2753 1800 2835 δλίγυις,

206 2863 227 2943 ἢ
248 2863 342 2940 τυχόν
357 2857 431 2924 οὐδὲ
445 2862 543 2934 τοῦτο,
567 2856 623 2921 διά
646 2860 681 2920 τό
703 2861 756 2940 τής
778 2854 916 2939 άνομίας
939 2856 1085 2942 πλῆθος*
1106 2857 1287 2937 εῦρίσκεται.
1341 2855 1448 2921 8α’λλολ
1471 2859 1509 2923 σῦ
1530 2856 1644 2942 ταύτην
1666 2858 1744 2944 ὅλην
1766 2859 1803 2923 ἐν

208 2967 331 3050 σεαυτῷ
353 2985 408 3045 μοι
431 2962 549 3048 σηόζεις,
572 2966 627 3023 καὶ
648 2960 743 3047 σηῦζε·
766 2961 868 3024 καλδν
890 2964 953 3041 γάρ
976 2962 1011 3025 τό
1026 2963 1143 3044 χρῆμα,
1165 2965 1219 3023 καί
1242 2961 1336 3036 όξιον
1357 2963 1419 3022 τιῦν
1434 2963 1487 3046 τής
1504 2965 1561 3045 σής
1577 2965 1683 3043 τιμίας
1696 2966 1803 3049 ψυχῆς

208 3069 212 3157 Ι
237 3067 418 3154 άποθηκῶν
439 3071 494 3129 καί
512 3066 661 3146 ταμείων.
701 3063 888 3150 *ἀπεστάλη
917 3065 956 3149 δή
987 3063 1090 3128 πάλιν
1111 3067 1165 3126 καὶ
1187 3063 1267 3146 πρὸς
1288 3065 1343 3127 τὸν
1370 3067 1480 3127 κοινόν
1501 3062 1659 3150 δεσπότην
1725 3067 1803 3133 1001

207 3171 329 3257 γραφή,
352 3172 392 3256 ἢν
413 3174 450 3261 τή
472 3172 549 3251 πρὶν
570 3167 793 3256 λκπεμφθείση
816 3167 1051 3252 παραπλησίως
1072 3165 1279 3250 διευθέτησον
1300 3169 1378 3255 ήμῖν
1409 3173 1463 3232 καί
1484 3166 1664 3246 εῦόδωσον,
1699 3173 1805 3234 καλεῖ

207 3299 236 3339 τι
257 3278 338 3357 πρός
359 3274 479 3349 τοῦτοις
500 3272 519 3337 ό
541 3273 730 3354 ἐσταλμένος
752 3273 829 3352 παρ’
850 3267 942 3355 ήμυίν
963 3269 1143 3353 ἐπετράπη,
1175 3273 1228 3352 τῆς
1255 3275 1311 3354 σῆς
1341 3272 1395 3336 ἐπὶ
1423 3275 1503 3336 πάσι
1526 3275 1693 3354 συνεργίας
1715 3271 1802 3337 α’πο-

207 3379 373 3454 λαυσάτω,
408 3383 464 3440 ίνα
494 3381 547 3439 καί
577 3375 671 3450 αῦτός
699 3379 751 3459 τής
780 3377 861 3454 πρός
889 3373 975 3457 ήμάς
1004 3372 1136 3452 α’γαθής
1164 3388 1223 3437 σου
1251 3374 1378 3460 γνάμης
1405 3379 1459 3439 καί
1490 3375 1670 3450 διαθέσεως
1702 3381 1802 3463 κήρυξ

207 3481 388 3547 ἐπανέλθοι
411 3487 465 3543 καί
486 3481 616 3562 μάρτυς.
660 3478 772 3552 5τέλος
801 3477 837 3540 δὲ
861 3479 896 3540 τὸ
924 3481 993 3539 πᾶν
1026 3477 1134 3541 ἄκουε.
1167 3476 1185 3539 ὅ
1209 3479 1289 3550 θεός
1317 3483 1371 3560 τῆς
1392 3478 1546 3563 α’γάπης*
1567 3477 1747 3565 α’γαπήσειέ
1768 3500 1803 3545 σε

207 3590 350 3669 γνησίως,
373 3590 428 3650 καί
450 3582 493 3658 ῦς
515 3584 599 3667 φίλην
622 3588 721 3668 πιστῷ
744 3585 798 3644 καὶ
820 3578 942 3665 άγαθρῑ
964 3598 1015 3644 σοι
1036 3579 1216 3663 θεράποντι
1239 3582 1294 3663 τήν
1318 3580 1432 3647 ἑαυτοῦ
1453 3585 1619 3666 χαρίσαιτο
1640 3587 1746 3665 χάριν.

294 3691 390 3758 159.
423 3693 451 3764 ξ.
488 3687 609 3768 1Ὺμείς
636 3685 672 3749 δὲ
701 3683 885 3750 τοῦναντίον
915 3683 1000 3768 ἡμᾶς
1028 3682 1308 3766 μακρολογοῦντας
1335 3684 1512 3763 ἐπαῦσατε,
1554 3686 1660 3768 ὥσπερ
1696 3688 1801 3752 πάλαι

211 3795 350 3878 Θηβαῖοι
373 3792 652 3873 Λακεδαιμονίους
670 3789 962 3873 βραχυλογοῦντας·
995 3787 1099 3853 οῦκέτι
1126 3787 1189 3871 γάρ
1219 3787 1296 3870 ήμῖν
1317 3788 1413 3872 σχολή
1437 3788 1544 3852 πολλοὶ
1568 3791 1690 3869 λέγειν,
1725 3789 1801 3858 ου’δέ

207 3901 288 3980 πρός
298 3895 392 3978 ῦμάς,
414 3901 484 3972 τοῦς
506 3897 626 3980 σαφοῦς
646 3917 677 3956 τε
700 3897 754 3954 καὶ
776 3892 978 3978 φιλολόγους,
1000 3893 1214 3972 μακροτέρους
1236 3892 1444 3974 φθέγγεσθαι
1466 3893 1598 3972 λόγους·
1621 3894 1718 3959 ἄλλοι
1737 3899 1799 3978 γὰρ

208 4001 368 4079 ἐπείγουσι
391 4001 506 4076 πόνοι,
536 4005 589 4062 καὶ
618 3997 691 4082 τήδε
720 3999 777 4062 νῦν
804 3997 909 4077 ἔβρισε
939 3994 1141 4077 πολύδακρυς
1163 3993 1320 4076 πόλεμος,
1349 3997 1430 4075 πρός
1451 3996 1490 4058 δν
1513 3995 1656 4077 α’ντέχειν
1677 3993 1802 4082 άνάγκη

208 4104 304 4178 όλους
325 4103 454 4179 ἑαυτοὺς
476 4106 555 4168 πάσι
578 4100 720 4185 τρόποις,
743 4099 1006 4180 άπασχολοῦντας
1028 4099 1184 4163 ἐνταῦθα.
1240 4097 1421 4179 2διατριβαὶ
1443 4098 1473 4161 δ’
1494 4099 1614 4165 ἐκεῖναι
1636 4105 1691 4164 καί
1712 4101 1803 4181 λόγοι

209 4213 263 4272 καὶ
283 4208 442 4290 μακάριος
462 4211 550 4288 βίος,
571 4202 618 4270 ὦν
640 4205 850 4287 ἐστερήμεθα,
872 4206 1070 4284 χαιρέτωσαν
1093 4201 1170 4285 ήδη·
1206 4202 1324 4284 ὄνειροι
1346 4205 1408 4282 γάρ
1432 4199 1523 4284 ἦσαν,
1553 4204 1596 4278 ὡς
1617 4204 1718 4282 ἔοικε,
1748 4210 1802 4268 καὶ

208 4309 303 4377 οῦδὲν
325 4311 407 4375 ἄλλο
430 4311 548 4373 πλέον·
577 4311 580 4398 J
606 4309 665 4372 8τά
689 4308 725 4371 δὲ
748 4310 804 4372 νῦν
826 4306 925 4381 ἄλλος
946 4309 1024 4393 βίος,
1045 4304 1198 4388 χαλεπός,
1221 4303 1249 4368 τό
1268 4305 1358 4382 λόγοι
1380 4309 1435 4368 καὶ
1450 4306 1550 4388 φίλοι,
1574 4307 1657 4393 άλλη
1725 4311 1802 4376 100²

206 4419 241 4480 τό
265 4415 435 4497 λεγόμενον
456 4415 580 4489 δίαιτα,
616 4412 743 4495 λυπηρά
764 4410 798 4472 τό
822 4412 903 4471 καθ’
932 4411 1009 4473 ῦλου
1040 4414 1095 4472 καί
1126 4407 1228 4494 αἠδής
1256 4413 1311 4470 καί
1332 4407 1432 4472 οῦκίτι
1456 4413 1575 4493 φορητή
1598 4421 1663 4485 τοῖς
1684 4434 1802 4493 πειρω-

206 4519 339 4600 μένοις*
361 4517 446 4602 ήμῖν.
491 4516 587 4581 4άλλ*
611 4514 684 4582 οῦδδ
707 4516 769 4577 τόν
792 4513 898 4597 φίλων
918 4538 946 4577 τι
968 4513 1080 4596 κέρδος
1101 4513 1137 4577 ἐν
1160 4508 1349 4590 άναγκαίοις
1370 4521 1543 4594 καιροῖς-
1568 4517 1602 4578 τό
1617 4518 1801 4598 περιπαθέ-
1872 4517 1878 4524 ’

209 4640 317 4706 στερον
331 4661 384 4699 -,
407 4620 479 4686 ἀλλ’
502 4620 651 4687 οὐδὲτοῦ
673 4618 805 4682 πάντων
827 4617 980 4701 φιλτάτου
1003 4623 1057 4680 καὶ
1078 4616 1298 4701 διαφερόντως
1320 4615 1536 4700 ἠγαπημένον.
1559 4615 1662 4681 α’λλ’ό
1684 4621 1745 4700 μὲν
1766 4617 1803 4682 ἐν

285 4786 297 4820 x
318 4767 480 4821 Matthaeus
499 4785 538 4834 13,
556 4784 587 4833 52
602 4769 608 4826 Ι
624 4783 639 4816 2
658 4762 818 4816 Matthaeus
831 4780 870 4828 22,
883 4779 915 4827 40
930 4767 934 4830 Ι
951 4782 965 4815 2
984 4761 1146 4816 Matthaeus
1159 4781 1198 4830 24,
1212 4781 1241 4816 ιτ
1257 4766 1263 4829 Ι
1278 4781 1291 4830 5
1313 4761 1430 4817 Corinth
1443 4765 1461 4830 β
1475 4779 1513 4832 13,
1525 4779 1552 4812 11
1570 4761 1575 4828 1
1592 4780 1605 4828 3
1624 4761 1805 4833 πειρωμένων

209 4855 243 4893 ex
268 4840 444 4908 πειριμὲνοισ
460 4841 618 4893 correctum
638 4834 658 4889 C
679 4832 851 4886 Studemtmd
