4560 6172
484 526 528 590 68

575 699 668 764 1211.
691 719 733 758 κε.
760 693 859 779 1Οσφ
882 692 1011 776 φεύγων
1031 692 1211 776 μακρύνεις,
1233 699 1368 774 τοσούτῳ
1391 692 1644 779 καταλαμήβάνῃ,
1667 697 1722 755 ίνα
1744 695 1826 774 γνῷς
1849 689 1936 760 ὅπως
2024 690 2081 754 71ι

485 801 632 882 άφυκτον
662 798 755 881 φιλία
778 802 831 859 καὶ
853 796 1115 877 άναπόδραστον.
1160 796 1240 879 2ήδη
1261 801 1368 859 τοίνυν
1389 795 1492 870 ἑάλως
1514 795 1619 876 ῶσπερ
1639 818 1683 868 τις
1707 795 1811 876 φυγάς
1834 796 2005 875 κεκμηκώς,
2027 795 2081 852 καί

489 920 524 965 σε
536 902 610 963 λίνα
625 903 745 980 κατέχει
756 900 812 962 τόν
822 911 971 978 γενναῖον
985 901 1058 979 ἐμά,
1081 903 1112 965 εί
1132 918 1182 961 σοι
1196 898 1358 962 καλεῖν’
1321 921 1401 965 ουτω
1417 897 1569 984 φίλον
1536 923 1574 962 τα
1590 922 1656 979 παρ
1658 899 1759 980 ’ἐμού
1777 901 1876 961 ταῦτα
1892 887 2081 977 γράμματα·

489 1001 594 1067 ιόν
559 1027 615 1070 ουκ
639 1004 745 1077 ἄλλως
767 1004 905 1091 ἐκφεύξῃ
929 1024 984 1082 μοι
1006 1005 1061 1084 τήν
1082 1006 1157 1082 βίαν
1180 1008 1234 1064 καῖ
1254 1005 1309 1085 τήν
1332 1004 1450 1086 λαβήν,
1473 1003 1502 1064 εί
1523 1005 1566 1083 μή
1590 1009 1644 1062 καῖ
1667 1001 1762 1074 αύτδς
1783 1003 1892 1065 τούτου
1915 999 2079 1080 πρότερον,

490 1107 527 1181 ός
548 1128 597 1170 σοι
619 1110 718 1172 ταῦτα
741 1110 925 1188 προσφέρει,
958 1110 1032 1182 βίας
1053 1106 1152 1188 άλλης
1174 1105 1290 1169 α’δίκου
1312 1106 1368 1169 διά
1391 1110 1446 1169 τὸν
1469 1109 1681 1189 πρεσβεύοντα
1704 1103 1792 1191 ῥύσῃ,
1815 1103 1927 1185 ἐπειδή
1948 1125 2003 1181 μοι
2027 1105 2081 1164 καὶ

491 1206 581 1283 ούτος
602 1213 666 1272 τῶν
688 1210 762 1272 λίαν
784 1212 1028 1290 κεχαρισμένων,
1052 1208 1180 1291 κάκείνη
1203 1212 1265 1271 τῶν
1288 1211 1375 1273 πάνυ
1397 1213 1599 1289 μισουμένων
1620 1211 1693 1273 ἐστί.
1740 1207 1856 1287 3χάριν
1871 1210 1977 1268 τοίνυν
1991 1205 2080 1289 ήμῶν

492 1350 533 1362 -
555 1319 609 1375 καῖ
638 1313 700 1394 πρό
732 1312 823 1396 ήμῶν
854 1314 908 1375 τού
941 1311 1068 1374 δικαίου
1096 1350 1131 1361 -
1167 1311 1276 1395 σῴζειν
1306 1316 1413 1377 τοῦτον
1440 1312 1566 1376 δικαίου
1594 1335 1648 1393 μοι
1677 1316 1730 1396 τῆς
1758 1310 1846 1391 ίερᾶς
1876 1309 2079 1388 τυραννίδος·

491 1416 635 1491 λεγέσθω
657 1417 718 1498 γάρ
741 1414 836 1487 ούτως
859 1411 876 1497 ή
898 1421 961 1477 τῶν
983 1414 1094 1496 ίερέων
1116 1414 1216 1497 ήμῶν,
1241 1417 1346 1498 ῶσπερ
1369 1417 1430 1500 ήδη
1453 1423 1507 1479 καῖ
1529 1416 1669 1493 πόλεμος
1690 1411 1775 1494 ἱερός
1796 1414 1813 1474 ό
1838 1415 2001 1495 ήμέτερος·
2025 1417 2080 1474 καί

491 1541 547 1598 μοι
570 1522 690 1582 θᾶττον
711 1517 886 1597 ἀνάπεμπε
907 1518 963 1581 τόν
983 1517 1090 1599 ἄνδρα
1114 1521 1244 1603 θυμήρη
1274 1525 1327 1582 καὶ
1349 1524 1402 1603 τής
1432 1525 1487 1602 σής
1512 1521 1671 1603 εὐφημίας
1709 1519 1761 1599 ἐφ’
1793 1516 1838 1590 οίς
1866 1516 1902 1583 εύ
1931 1521 2080 1591 πείσεται,

493 1622 607 1707 πλήρη.
650 1622 793 1706 ιπλήρης
816 1621 853 1684 δέ
874 1643 929 1702 μοι
952 1626 1006 1683 καὶ
1028 1622 1065 1685 σύ
1096 1623 1259 1704 θυμηδίας
1287 1645 1317 1685 τε
1348 1625 1452 1705 πάσης
1479 1628 1533 1684 καί
1562 1624 1696 1686 δικαίων
1726 1619 1769 1694 ῶς
1797 1624 1926 1700 τάχιστα
1959 1620 2081 1702 κερδῶν

492 1725 682 1810 ἐποφθείης,
704 1725 814 1806 ἐπειδή
837 1730 890 1785 καὶ
911 1728 998 1789 τούτο
1020 1728 1191 1808 πεποίηκεν
1212 1723 1306 1807 εύχήν
1327 1725 1344 1808 ή
1369 1729 1557 1805 περίστασις.

583 1833 674 1898 125.
696 1852 742 1900 κς.
767 1828 935 1890 1Δέσποτά
955 1849 1018 1908 μου
1041 1828 1120 1905 ἅγιε,
1145 1829 1342 1903 θεοδόξαστε
1364 1836 1418 1889 καί
1442 1829 1630 1903 θεόστεπτε,
1664 1824 1682 1889 ό
1713 1825 1825 1905 λύχνος
1858 1829 1911 1889 τού
1937 1825 2082 1905 σῶματός

493 1933 577 1996 ἐστιν
606 1931 623 1994 ό
658 1931 835 2013 όφθαλμδς
857 1932 937 1991 κατά
960 1930 1015 2010 τήν
1037 1933 1135 1992 θείαν
1157 1932 1286 2013 φωνήν·
1317 1932 1377 1992 ἐὰν
1399 1928 1455 1996 ούν
1477 1932 1597 2003 ἐκεῖνος
1619 1926 1639 2016 ᾗ
1662 1929 1666 2015 ή
1692 1928 1860 2010 φωτεινός,
1884 1932 1938 1990 καί
2025 1927 2082 1991 712

495 2035 571 2098 ὅλον
593 2039 626 2097 τό
650 2039 741 2114 σῶμα
765 2035 920 2115 φωτεινόν
940 2033 1042 2095 ἔσται·
1073 2032 1177 2108 ῶσπερ
1201 2033 1299 2095 πάλιν
1320 2036 1354 2095 τό
1378 2035 1536 2095 ἐναντίον·
1569 2034 1599 2094 εί
1628 2030 1724 2104 αύτός
1754 2031 1928 2106 σκοτεινός,
1964 2035 2018 2092 καῖ
2046 2032 2080 2092 τδ

495 2144 586 2219 σῶμα
613 2144 680 2200 πᾶν
702 2138 780 2203 οὕτω
805 2139 962 2200 σκοτεινὸν
982 2137 1078 2199 ἔσται.
1136 2135 1224 2198 ’ἐπεὶ
1252 2142 1359 2201 τοίνυν
1389 2129 1505 2208 πάντες
1534 2136 1620 2220 ήμεῖς
1652 2136 1683 2197 οί
1712 2133 1843 2207 εύτελεῖς
1878 2136 1995 2197 οἰκέται
2030 2141 2083 2195 καῖ

495 2241 557 2307 ὑπὸ
580 2254 670 2321 χεῖρα
692 2241 772 2324 μέλη
795 2245 835 2302 σά
858 2239 1067 2320 λογιζόμεθα,
1101 2242 1179 2300 καθ’
1209 2240 1292 2320 άπερ
1325 2242 1365 2323 δή
1394 2245 1447 2302 καὶ
1469 2246 1618 2321 Χριστοῦ,
1651 2241 1688 2304 σὺ
1713 2239 1749 2301 δὲ
1779 2239 1879 2302 πάλιν
1908 2239 1997 2319 ήμῶν
2025 2236 2082 2302 ούκ

496 2343 674 2426 ὀφθαλμός
694 2346 796 2424 μόνον
818 2344 855 2418 εί,
880 2342 949 2404 άλλ’
972 2341 1144 2423 ὁλόκληρος
1165 2341 1301 2425 κεφαλή,
1325 2345 1418 2407 είκῶν
1441 2351 1494 2406 καί
1517 2343 1664 2424 ύμοίωμα
1687 2349 1740 2403 καὶ
1763 2343 1857 2416 τύπος
1880 2345 1925 2403 ῶν
1936 2344 2082 2422 Χριστοῦ,

495 2452 584 2511 τούτο
608 2449 721 2520 πάντες
744 2451 925 2526 ποθοῦμεν,
955 2452 1043 2510 τούτο
1067 2445 1230 2528 ζητοῦμεν,
1258 2446 1337 2530 ὑπὲρ
1369 2447 1476 2512 τούτου
1506 2447 1652 2526 δεόμεθα
1683 2446 1736 2508 διά
1768 2447 1887 2518 παντὸς
1916 2450 1968 2506 τοῦ
1991 2448 2083 2518 θεού,

497 2551 551 2634 ζήν
572 2554 617 2625 είς
637 2552 786 2634 μήκιστον
803 2549 930 2630 χρόνον,
951 2550 1092 2632 εύεκτεῖν,
1114 2547 1276 2632 ύγιαίνειν,
1299 2549 1446 2631 εὐωχεῖν,
1468 2549 1629 2631 εὐθυμεῖν,
1651 2549 1846 2616 εύοδούσθαι
1862 2551 1942 2628 πρός
1965 2549 2096 2624 πάντα·

497 2661 549 2717 καί
573 2655 627 2716 διά
653 2658 784 2716 πάντων
807 2651 1002 2728 δοξάζεσθαι
1024 2653 1057 2715 τό
1082 2656 1332 2737 θεοκυβέρνητον
1354 2654 1469 2735 κράτος
1492 2673 1560 2720 σου.
1612 2653 1662 2714 8εί
1681 2657 1743 2731 γάρ
1767 2651 1842 2716 αὐτὸ
1864 2657 1943 2714 πᾶσι
1965 2653 2084 2725 τούτοις

497 2758 552 2821 διὰ
580 2759 634 2842 τήν
664 2762 761 2819 θείαν
788 2757 882 2836 χάριν
904 2756 1094 2830 ἐνευπαθεῖ,
1127 2761 1235 2819 κοινὸν
1264 2757 1339 2838 ήμῖν
1369 2758 1455 2820 ἔσται
1484 2761 1518 2818 τό
1549 2755 1682 2832 α’γαθὸν
1711 2756 1746 2829 ἐξ
1773 2753 1884 2829 αύτού,
1915 2761 1968 2814 καὶ
1991 2754 2085 2820 οὐδὲν

497 2861 581 2944 ήμάς
604 2859 746 2941 ἀδικήσει
768 2863 830 2920 τῶν
851 2858 1027 2939 βλαβερῶν,
1051 2858 1145 2922 οὐδὲν
1167 2858 1299 2943 λυπήσει
1321 2864 1384 2923 τῶν
1406 2862 1584 2942 δυσχερῶν,
1617 2858 1673 2938 οὐχ
1696 2859 1712 2921 ὁ
1737 2858 1853 2929 πιέζων
1875 2860 2002 2936 χειμῶν,
2027 2858 2085 2939 ούχ

497 2962 528 3028 οί
559 2970 692 3047 πονηροὶ
719 2960 964 3036 πλεονάζοντες,
994 2959 1031 3026 ού
1057 2967 1121 3024 τῶν
1151 2964 1335 3045 ἐπιτηδείων
1364 2963 1382 3046 ή
1406 2969 1543 3041 σπάνις,
1578 2961 1615 3027 ού
1645 2962 1797 3046 συμφορά
1824 2984 1869 3035 τις
1890 2963 1980 3042 ἑτέρα
2004 2965 2084 3045 πρδς

497 3069 673 3131 νουθεσίαν
695 3070 749 3127 καῖ
770 3064 938 3128 παίδευσιν
959 3076 1024 3138 τοῖς
1046 3068 1111 3128 κατ’
1138 3066 1193 3146 ἐμὲ
1221 3068 1383 3151 ῥαθύμοις
1404 3068 1596 3149 ἐπαγομένη.
1640 3066 1706 3138 4ῶς
1734 3068 1796 3146 γάρ
1825 3066 1898 3146 μίλι
1919 3065 2085 3143 γλυκάζον,

496 3175 593 3236 ταῦτα
615 3173 721 3231 πάντα
743 3167 912 3255 γλυκαίήνει
935 3174 989 3230 καί
1010 3168 1162 3245 γλυκανεῖ
1182 3174 1309 3254 (σαφῶς
1331 3171 1420 3256 οίδα)
1442 3176 1494 3235 τού
1518 3170 1755 3245 δεδοξασμένον
1778 3187 1835 3231 σου
1865 3169 1941 3249 κρά-
2029 3173 2086 3236 72ι

498 3295 569 3347 τους
589 3272 607 3354 ή
627 3269 739 3345 εύζωία
758 3275 812 3332 καῖ
826 3275 971 3354 σωτηρία,
991 3273 1071 3354 πρός
1087 3273 1125 3355 ἢν
1137 3274 1225 3356 ήμεῖς
1245 3273 1429 3357 α’φορῶντες
1446 3279 1508 3337 τῶν
1520 3278 1581 3353 μὲν
1593 3272 1806 3352 ἐνοχλούντων
1822 3278 1930 3334 κακῶν
1949 3272 2087 3337 α’νεπαι-

499 3378 624 3459 σθήτως
637 3375 718 3454 ἔχειν
732 3373 897 3455 δοκοῦμεν,
920 3381 974 3436 καί
995 3379 1093 3457 μικρά
1117 3384 1169 3458 τής
1184 3378 1311 3440 ἐκεῖθεν
1327 3377 1443 3461 άηδίας
1458 3376 1730 3457 ἐπιστρεφόμεθα,
1752 3383 1858 3455 μεστοὶ
1875 3377 1911 3439 δὲ
1924 3379 2086 3458 γινόμεθα

497 3482 550 3561 τῆς
573 3478 722 3541 έντεύθεν
743 3480 855 3560 χαράς,
878 3477 984 3558 ῶσπερ
1007 3480 1041 3541 ἔκ
1063 3501 1146 3563 τινος
1168 3489 1268 3564 πηγής
1291 3481 1437 3561 άειρύτου
1459 3485 1511 3562 τής
1533 3479 1698 3561 βασιλικής
1720 3480 1877 3560 εὐθυμίας
1895 3482 1950 3564 τήν
1968 3480 2087 3567 ήδονήν

498 3580 682 3666 α’ρυόμενοι.
728 3578 803 3642 ὁδιά
826 3584 912 3645 τοῦτο
936 3582 1187 3664 παρακαλοῦμεν
1212 3589 1266 3645 καῖ
1296 3585 1385 3671 πάσῃ
1415 3583 1549 3662 δυνάμει
1580 3581 1788 3660 δυσωπούμεν
1818 3591 1872 3645 καῖ
1901 3583 2086 3666 άξιούμεν*,

498 3687 541 3767 μή
562 3689 710 3746 τοσοῦτον
733 3687 789 3747 νύν
812 3687 1010 3764 συγχωρήσαι
1033 3689 1069 3770 τή
1092 3685 1176 3771 λύπῃ
1199 3689 1278 3748 κατά
1308 3691 1361 3768 τής
1383 3685 1534 3771 άηττήτου
1559 3690 1663 3766 ψυχῆς
1687 3703 1761 3760 σου,
1796 3687 1874 3749 ῶστε
1895 3691 1972 3769 παρ’
1994 3688 2088 3773 αύτής

498 3788 577 3852 ούτω
608 3787 710 3870 πάντη
740 3789 929 3868 νικηθεῖσαν
960 3800 1149 3852 καταπεσεῖν
1179 3796 1232 3850 καί
1262 3788 1432 3871 ὑπομεῖναι
1461 3792 1516 3872 τήν
1546 3794 1682 3864 πτῶσιν,
1715 3790 1790 3870 άχρι
1819 3797 1873 3851 καῖ
1900 3791 2087 3872 α’ρρωστίας,

498 3890 578 3974 μηδὲ
601 3898 680 3972 πρὸς
702 3895 757 3963 τοῖς
779 3894 840 3951 τῶν
863 3888 1063 3970 α’γνωμόνων
1085 3893 1299 3975 πλημμελείας
1321 3898 1600 3974 παρακινούμενον
1632 3897 1771 3967 καὶτοῖς
1793 3897 1860 3957 κατ’
1884 3895 1987 3961 αύτῶν
2009 3920 2088 3980 πυρ-

498 3992 697 4075 πολούμενον
717 3993 854 4064 ἐνδίκοις
876 3995 995 4074 θυμοῖς
1016 3995 1073 4075 τήν
1094 4002 1157 4058 τῶν
1179 3998 1339 4076 λογισμῶν
1361 3995 1540 4074 προόούναι
1563 3994 1764 4080 στερρότητα,
1789 4004 1843 4058 καὶ
1865 4005 2007 4063 κακῶσαι
2029 4005 2089 4082 μὲν

500 4102 592 4178 σῶμα
619 4098 774 4161 πολλῶν*
796 4093 952 4170 άντάξιον
973 4097 1097 4174 ἄλλων,
1130 4105 1274 4163 κακῶσαι
1304 4101 1340 4162 δὲ
1369 4104 1479 4182 ψυχήν
1504 4099 1611 4181 εύγενή
1641 4107 1693 4163 καί
1721 4099 1776 4163 ούκ
1809 4101 1906 4177 άξίαν
1932 4104 2089 4179 τοιαύταις

499 4201 714 4282 ταλαιπωρεῖν
737 4198 972 4279 περιστάσεσιν,
1003 4200 1089 4263 άλλὰ
1120 4203 1340 4287 φιλοσοφῆσαι
1370 4204 1543 4267 κάνταύθα
1572 4204 1824 4286 μεγαλοπρεπῶς
1846 4211 1899 4267 καὶ
1919 4209 2089 4286 βασιλικῶς

499 4311 553 4368 καὶ
576 4309 608 4368 τό
631 4305 666 4367 έν
687 4314 751 4376 τοῖς
773 4307 918 4367 πάθεσιν
940 4306 1093 4386 ἄτρεπτον
1115 4310 1172 4370 νόν
1194 4311 1282 4388 εἴπερ
1305 4307 1406 4394 ποτέή
1432 4309 1546 4383 δεῖξαι,
1583 4310 1637 4390 ἐφ’
1653 4303 1681 4392 τό
1698 4312 1732 4371 τό
1755 4311 1812 4371 σόν
1832 4314 1947 4391 κράτος
2034 4312 2090 4377 72²

499 4408 542 4482 ῶς
572 4408 622 4470 ἐπ’
644 4406 748 4472 ούδενὶ
778 4412 841 4471 τῶν
871 4407 981 4471 ἄλλων
1010 4408 1228 4489 θαυμάζεται,
1265 4414 1366 4473 καίτω
1395 4435 1429 4489 γε
1459 4411 1592 4484 πολλοῖς
1620 4418 1674 4473 καί
1702 4413 1851 4492 μεγάλοις
1879 4412 2090 4497 ύπερλάμπον

500 4512 777 4596 πλεονεκτήμασιν,
802 4509 844 4584 ῶς
866 4513 909 4572 ἄν
930 4517 1003 4587 τούς
1025 4538 1057 4577 τε
1080 4512 1214 4587 δούλους
1236 4513 1321 4598 ήμάς
1342 4512 1376 4579 εύ
1397 4517 1530 4604 ποιήσῃς
1553 4515 1614 4577 κάν
1636 4514 1751 4632 τούτφ,
1786 4523 1820 4582 οἳ
1845 4528 1913 4589 ταῖς
1944 4518 2023 4580 κατά
2054 4523 2089 4582 σὲ

573 4703 584 4736 ι
605 4685 805 4748 Μαίίίιαειιεό,
816 4703 845 4736 τι
862 4682 867 4750 Ι
883 4702 896 4751 3
916 4684 1058 4737 ίνιυπαθεῖ
1074 4686 1116 4750 0¹,
1135 4686 1268 4751 ἐνιιπαθῆ
1286 4704 1321 4740 an
1341 4687 1484 4751 ἐνιαπαθῆι
1502 4687 1536 4739 0²
1556 4688 1724 4740 δῖαδτωαιιά
1740 4691 1744 4753 Ι
1761 4707 1773 4756 5
1794 4690 1846 4744 hoo
1865 4690 1926 4744 Ιοοο
1948 4695 1977 4752 -Ι-
1999 4690 2027 4743 id
2048 4693 2091 4747 ειί

499 4755 720 4880 εἰῃηαωλοεαοίε
738 4755 819 4808 addit
837 4754 871 4807 (λ’
891 4757 1060 4809 Studemund
1076 4766 1109 4825 ῖς
1131 4758 1275 4824 πάντηιῦλ,
1295 4758 1425 4823 παίτηῦι
1444 4759 1697 4814 Studemundvide
1716 4778 1761 4815 me
1780 4762 1816 4815 ad
1835 4781 1874 4830 29,
1895 4762 2088 4834 ιοΙίαφαῖτίεΙ

499 4847 512 4893 5
560 4845 600 4880 ¹⁸¹⁸
651 4845 698 4893 514
