4560 6172
1750 589 1791 652 91

148 837 153 849 „
201 754 308 833 οὗτος,
341 753 430 832 κοῖγδ
452 755 508 818 τδν
529 753 685 838 δεσπότην
713 760 767 816 καὶ
790 756 912 834 πατέρα
935 760 989 816 καὶ
1012 755 1125 835 φίλον,
1148 756 1203 817 τόν
1224 753 1434 837 η’γιασμένον,
1458 756 1494 817 σέ
1516 777 1614 836 φημι,
1638 756 1690 830 σέ,
1712 753 1795 819 λδείν

152 848 156 855 ’
200 857 257 924 οῦκ
278 858 339 923 τίδ’
360 856 454 936 ὅπου,
477 859 559 920 κατὰ
582 860 636 938 την
658 857 812 937 βασιλίδα
834 858 862 921 δ’
885 858 975 937 οἶμαι
996 864 1060 920 τῶν
1082 856 1219 933 πόλεων,
1250 856 1403 936 α’μυδραῖς
1423 856 1498 920 λίαν
1519 855 1617 931 ἔδοξα
1639 861 1694 918 καλ
1716 855 1794 922 ὅσον

200 964 237 1025 έν
258 961 368 1047 ῦπνφ·
399 961 483 1045 πλην
513 959 586 1025 ἀλλ’
615 960 719 1043 ῦπαρ,
754 960 809 1027 οῦκ
841 963 940 1042 ὄναρ,
972 959 1108 1044 α’ληθοῦς
1138 958 1176 1042 ἦν
1205 962 1238 1023 τδ
1270 959 1396 1040 ὅραμα·
1434 964 1492 1025 νῦν
1513 967 1574 1041 γὰρ
1597 961 1679 1023 ἔοικε
1700 960 1795 1041 μόλις

200 1066 398 1131 έπανελθείν
426 1064 445 1148 ἦ
476 1063 665 1149 δνόμνησις.
712 1065 786 1126 2καί
813 1063 910 1138 ελδον,
944 1063 1032 1127 είδον
1062 1069 1105 1147 τῷ
1135 1065 1201 1127 όντι
1231 1067 1285 1126 τδν
1316 1063 1420 1146 πόσης
1447 1064 1575 1144 χόριτος
1604 1064 1709 1147 πληρη
1739 1070 1795 1127 καί

198 1171 312 1252 μεστόν
341 1167 504 1253 ἁγιότητος
532 1175 589 1233 καί
616 1170 717 1235 καλοῦ
744 1168 864 1241 παντός
890 1165 998 1248 ἑτέρου
1028 1167 1184 1250 δεσπότην
1210 1184 1289 1246 μου,
1321 1172 1374 1229 καί
1407 1167 1423 1250 η
1455 1167 1591 1248 δρασις*
1624 1168 1721 1234 αὐτοῦ
1749 1167 1796 1246 ὥς

201 1272 312 1353 όρασις
333 1271 479 1352 ἀγγέλου,
502 1277 557 1334 καὶ
579 1279 615 1335 τοὶ
639 1272 766 1358 ῥήματα
789 1269 885 1335 αῦτοῦ
906 1269 986 1354 ζωῆς
1008 1272 1152 1354 ῥήματα,
1187 1275 1241 1332 καλ
1269 1275 1321 1352 τῆς
1351 1270 1508 1356 καλλονῆς
1536 1269 1554 1334 ό
1583 1273 1728 1353 σταθμός
1752 1311 1791 1322 -

202 1374 288 1441 ἀλλὰ
310 1375 423 1459 ταύτης
444 1399 484 1456 με
506 1379 539 1438 τό
562 1380 678 1458 μέτρον
699 1376 862 1450 ἐπέλιπεν,
884 1375 995 1457 έπειδη
1017 1375 1117 1458 μηδέν
1140 1373 1253 1454 δμοιον
1267 1379 1330 1437 τῶν
1344 1375 1445 1437 όντων
1460 1374 1648 1455 εῦρείνέστί.
1694 1374 1793 1458 8πλην

202 1480 273 1544 ἀλλ’
294 1478 364 1544 οίόν
385 1502 425 1561 με
448 1478 552 1543 πόλιν
574 1481 609 1542 έκ
631 1483 744 1561 καινῆς
763 1478 917 1561 ελσόηλθεν
932 1478 1126 1560 ένθύμημα·
1149 1479 1245 1557 ὄψεις
1261 1480 1405 1557 στόματος
1420 1484 1526 1554 ταῦτα,
1549 1485 1604 1541 καὶ
1626 1480 1680 1543 διδ
1703 1485 1793 1543 τοῦτο

200 1581 399 1665 βραχύτατον
419 1582 465 1656 είς
488 1585 574 1645 θέαν
595 1585 629 1644 τδ
651 1582 802 1664 έραστόν,
836 1586 890 1642 καλ
918 1588 1074 1656 τοσοῦτον,
1106 1580 1149 1654 ὡς
1175 1586 1229 1642 καί
1256 1580 1441 1664 ἀμφίβολον
1471 1581 1501 1644 εί
1530 1581 1612 1656 δλως
1633 1587 1793 1660 τεθέαται,

202 1686 404 1750 κινδυνεῦσαι
424 1689 578 1762 γενέσθαι
602 1690 692 1766 παρὰ
716 1688 876 1764 λογισμοῖς
895 1685 1094 1768 έπιλησμοσι,
1115 1696 1180 1757 τοῖς
1192 1685 1280 1765 έμοίς
1291 1686 1390 1766 δῆλον
1402 1684 1459 1759 όπ,
1481 1685 1550 1747 έπελ
1565 1696 1630 1758 τοίς
1646 1695 1795 1769 ψυχικοίς

202 1789 393 1873 ὀφθαλμοῖς
414 1790 493 1850 καθ’
515 1787 594 1852 ῦλου
615 1812 646 1851 τε
668 1795 721 1850 καὶ
745 1789 786 1852 δι’
808 1788 887 1853 όλον
910 1797 963 1850 καί
984 1792 1130 1869 βεβαίως,
1155 1787 1210 1854 οῦκ
1233 1787 1435 1872 ἀμφιβόλως,
1459 1793 1612 1868 πάρεστιν
1634 1788 1717 1870 δρᾶν
1739 1795 1794 1855 τόν

202 1893 410 1973 ποθούμενον
440 1898 494 1954 καί
524 1897 732 1975 κατατρυφᾶν
764 1894 810 1966 είς
838 1890 936 1973 κόρον
967 1892 1062 1957 αῦτοῦ
1099 1896 1151 1953 καὶ
1189 1889 1373 1956 α’πολαύειν
1409 1888 1509 1975 ἡδέως
1544 1897 1608 1955 τῶν
1642 1893 1679 1956 έν
1708 1893 1795 1981 αῦτηῦ

201 2002 210 2087 ί
234 1998 363 2062 πολλῶν
384 1999 598 2079 χαρισμάτων.
653 1997 727 2057 4καὶ
749 1995 846 2062 οῦδὲν
868 1994 886 2061 ό
908 1997 1006 2070 τόπος
1026 1997 1188 2071 ἐνταῦθα,
1222 1994 1316 2061 οῦδὲν
1338 1993 1356 2058 ό
1379 1990 1493 2075 χρόνος
1514 1994 1531 2058 ό
1554 1999 1650 2075 μέσος
1718 1999 1793 2065 109¹

202 2101 270 2168 οὐδ’
290 2101 382 2184 έτέρα
405 2105 598 2182 περίστασις·
635 2104 778 2181 κρείττων
808 2101 870 2183 γδρ
900 2101 1031 2162 πάντων
1059 2103 1175 2164 τούτων
1203 2099 1220 2183 ἢ
1251 2102 1304 2181 τῆς
1334 2100 1443 2178 ὄψεως
1472 2100 1584 2183 ταύτης
1613 2103 1708 2182 φύσις
1740 2107 1796 2163 καί

202 2205 347 2286 δύναμις,
370 2204 408 2269 οῦ
431 2205 486 2268 διδ
509 2210 621 2285 τοίχων
638 2201 719 2286 ὀροῖν
740 2210 793 2266 καὶ
808 2204 863 2267 διδ
880 2203 986 2266 λίθων
1001 2203 1116 2284 ἔχουσα
1131 2207 1243 2284 μόνον,
1268 2203 1311 2276 ὥς
1329 2200 1346 2265 ό
1363 2203 1502 2276 παλαιός
1515 2207 1622 2285 μῦθος
1637 2205 1794 2282 βούλεται,

203 2309 288 2373 α’λλδ
312 2315 366 2372 καλ
388 2307 429 2372 δι’
450 2306 558 2388 ἑτέρου
580 2311 699 2381 παντὸς
719 2309 934 2388 έπιπροσθείν
956 2309 1135 2388 πεφυκότος
1162 2307 1318 2387 ἐμποδίου
1347 2330 1378 2369 τε
1400 2315 1454 2368 και
1476 2306 1669 2387 κωλοματος.
1715 2307 1794 2372 ὗκαί

202 2420 257 2477 ίνα
280 2431 330 2477 σοι
354 2416 476 2477 θᾶττον
496 2415 551 2476 τόν
573 2414 694 2475 σκοπόν
716 2415 771 2476 τοῦ
793 2412 890 2487 λόγου
913 2414 1146 2491 συναπαρτίσω,
1181 2409 1369 2493 αἐίμνηστον
1389 2412 1461 2473 ἴσθι
1484 2416 1561 2491 παρ’
1583 2411 1654 2492 έμοὶ
1677 2411 1794 2494 διαμέ-

202 2535 323 2580 νουσαν
344 2520 400 2600 την
421 2516 479 2600 σην
501 2515 657 2598 ὁσιότητα.
681 2514 710 2577 ελ
732 2516 762 2576 δ’
785 2514 921 2596 α’κερδης
944 2513 961 2597 η
984 2516 1075 2594 χάρις
1097 2514 1187 2601 αὐτῇ,
1211 2513 1283 2576 αλλ’
1306 2511 1381 2594 ἡμῖν
1401 2538 1437 2591 γε
1458 2514 1588 2588 πάντας
1609 2515 1716 2588 αῦτοίς
1738 2514 1794 2582 οῦκ

203 2619 340 2702 α’κερδης
360 2617 428 2686 οῦδ
450 2619 622 2702 α’νόνητος·
658 2627 685 2681 τί
714 2620 776 2697 γὰρ
804 2618 911 2699 μεῖζον
933 2618 1004 2695 έμοί
1026 2623 1080 2682 τοῦ
1102 2620 1209 2706 μνημη
1234 2617 1446 2699 κουφίζεσθαι
1469 2617 1624 2683 δεσπότου
1646 2621 1795 2683 τοσούτου

204 2723 380 2790 κάντεῦθεν
399 2728 532 2806 μετρίως
560 2722 614 2785 δαί
642 2721 776 2795 πολλοῖς
808 2760 842 2771 -
875 2727 937 2804 φεῦ
966 2720 1084 2806 ἡλίκοις
1112 2744 1144 2784 τε
1174 2726 1226 2782 καλ
1257 2721 1343 2794 ὅσοις
1372 2758 1415 2769 -
1446 2731 1557 2794 κακοίς
1590 2732 1795 2802 ψυχαγωγείν

204 2825 362 2909 λμαυτόνγ
407 2825 516 2890 6α’λλοί
550 2849 605 2908 μοι
635 2828 821 2906 χαρισθείης
849 2826 895 2899 είς
924 2830 1076 2907 μήκιστον
1103 2823 1200 2898 υῦτως
1227 2824 1307 2906 ῦπέρ
1336 2827 1392 2908 γῆς
1422 2825 1634 2903 διαλόμπων,
1668 2831 1722 2888 καί
1751 2830 1795 2909 μη

205 2932 344 2997 σύνοδον
365 2931 477 3011 μόνον,
512 2928 597 2993 ἄλλό
621 2935 674 2992 καλ
696 2929 868 3012 σύγκλητον
890 2927 961 3008 ἅμα
984 2936 1038 2991 καὶ
1060 2935 1129 2991 πᾶν
1150 2925 1264 3001 ἁπλοῦς
1285 2927 1320 2990 τό
1342 2927 1517 3009 πολίτευμα
1539 2934 1581 3013 τῷ
1603 2932 1667 2991 τεόν
1687 2929 1724 2992 έν
1745 2934 1796 2992 ool

205 3035 314 3099 καλοῦν
336 3035 461 3119 πλοῦτηι
484 3033 657 3117 φιλοτίμως
678 3036 897 3114 κατακοσμῶν.

297 3140 390 3208 169.
412 3160 441 3202 υ.
466 3137 657 3217 1Φιλοτιμία
678 3140 731 3219 τῆς
755 3139 849 3209 θείας
872 3138 1019 3216 ἄντικρυς
1040 3135 1176 3215 χάριτος,
1200 3134 1247 3197 δτι
1265 3137 1319 3198 τδν
1335 3139 1398 3215 πρδ
1420 3138 1476 3200 τοῦ
1498 3136 1603 3217 σοφόν
1625 3135 1722 3219 φίλον
1737 3140 1796 3202 νῦν

206 3248 261 3307 καί
282 3241 376 3320 ἅγιον
398 3242 520 3321 ἔχομεν,
543 3242 583 3302 ίν’
605 3240 659 3303 δπλ
672 3240 745 3303 δυσί
758 3250 822 3311 τοϊς
835 3241 973 3321 πρώτοις
984 3240 1095 3311 καλοίς
1111 3237 1155 3312 ὡς
1168 3239 1295 3312 οίκείοις
1311 3238 1370 3322 η’δη
1389 3238 1684 3319 καλλωπιζοίμεθα,
1706 3243 1795 3321 εἴπερ

205 3348 243 3410 εδ
265 3346 449 3427 τῶνφίλων
471 3344 576 3419 κοινοί,
600 3347 620 3426 η’
640 3342 768 3422 μᾶλλον
789 3343 858 3406 ἴδια
882 3346 1011 3425 θατέρῳ
1034 3345 1071 3404 τύ
1093 3345 1150 3407 τοῦ
1171 3340 1288 3422 ἑτέρου.
1336 3341 1539 3422 ’παραμένοι
1553 3349 1722 3425 τοιγαροῦν
1742 3344 1797 3408 aaz

205 3449 306 3514 πλέον
337 3452 371 3513 τό
402 3447 537 3512 διπλοῦν
569 3446 784 3527 καλλύπισμα
815 3451 917 3522 τοῦτο,
954 3449 1071 3527 κόσμος
1098 3445 1168 3524 ἅμα
1204 3452 1259 3508 καὶ
1291 3444 1295 3532 Ι
1329 3446 1448 3528 ὄφελος
1485 3444 1560 3529 ἡμῖν
1588 3458 1652 3522 τοῖς
1721 3447 1798 3515 109¹

206 3553 396 3628 πλουτοῦσι,
427 3557 481 3614 καί
512 3550 661 3616 α’κούοιτό
688 3573 744 3632 μοι
775 3556 829 3613 καί
855 3550 1004 3630 βλέποιτο
1033 3551 1050 3613 ὁ
1081 3555 1135 3612 καλ
1163 3560 1227 3621 τοῖς
1256 3549 1367 3622 ἄλλοις
1388 3554 1448 3628 μὲν
1470 3554 1551 3613 πᾶσι
1573 3553 1799 3633 κεχαρισμένος

207 3655 286 3721 οὕτω
309 3680 337 3720 τι
359 3656 472 3738 φίλος,
504 3655 579 3737 ιἠμίν
608 3654 644 3717 δέ
674 3655 811 3734 μάλιστα
842 3661 975 3718 πάντων
1002 3665 1066 3728 τοῖς
1095 3661 1149 3716 καί
1169 3654 1298 3735 μᾶλλον
1318 3657 1491 3731 ποθοῦσιν,
1525 3654 1580 3717 οἵτε
1602 3655 1702 3719 πλέον
1722 3658 1799 3731 ἴσως

206 3769 268 3824 τῶν
290 3759 400 3824 ἄλλων
422 3769 552 3822 συνιεῖσι
576 3762 630 3821 τοῦ
653 3757 805 3834 α’γαθοῦ·
829 3764 883 3819 καί
907 3759 953 3842 μη’
975 3783 1018 3831 τις
1041 3762 1170 3840 φθόνος
1194 3757 1300 3833 αῦτύν,
1322 3756 1368 3837 μη
1390 3781 1433 3830 τις
1453 3760 1557 3836 ἔτερος
1578 3760 1693 3841 τρόπος
1715 3758 1800 3842 ἡμᾶς

206 3886 277 3936 τους
305 3862 478 3946 φιλοῦντας
507 3869 561 3924 καί
589 3866 775 3943 μετέχοντας
808 3863 889 3927 οὕτω
924 3867 986 3923 τῶν
1019 3862 1114 3927 αὐτοῦ
1147 3864 1285 3941 χαρίτων
1314 3859 1478 3940 οἷφέλοιτυ.
1533 3860 1608 3928 8τοῦ
1638 3863 1674 3926 δέ
1701 3863 1800 3940 λόγου

206 3965 396 4047 κεφάλαιον,
428 3964 586 4048 έρριόσθω
610 3969 684 4037 τέως
705 3966 739 4028 τό
762 3970 855 4045 σῶμα
889 3972 959 4049 (την
984 3988 1046 4044 γαρ
1078 3967 1186 4048 ψυχὴν
1213 3962 1352 4049 δπαθης
1382 3967 1462 4044 έστι,
1495 3965 1801 4048 μεταπεπλασμένος

207 4070 267 4152 ἤδη
288 4074 331 4153 τῷ
354 4069 542 4153 πνεύματι),
574 4074 629 4130 καί
656 4070 760 4152 πόσης
789 4074 892 4150 χαρᾶς
920 4074 973 4130 καί
996 4068 1207 4151 οἷνθρωπίνης
1235 4076 1288 4131 καί
1311 4075 1405 4146 θείας
1425 4072 1463 4135 έν
1484 4077 1580 4136 παντί
1602 4069 1800 4154 πληροῦσθαι

209 4197 321 4259 καιρῳ.

297 4280 391 4345 170.
423 4299 475 4344 οα.
512 4276 674 4353 1Ἀγαθοῦ
707 4274 862 4339 δεσπότου
898 4281 1057 4357 θεροίπων
1084 4276 1212 4350 ελκότως
1240 4274 1371 4352 α’γαθδς
1400 4284 1454 4341 καλ
1483 4278 1594 4354 αῦτός,
1625 4279 1799 4362 ἐπειδήπερ

208 4381 335 4461 δμέσως
365 4385 504 4461 μετέχων
530 4403 561 4442 τε
590 4385 644 4441 καί
672 4380 802 4458 βλέπων
830 4380 1041 4458 ἐξομοιοῦται.
1075 4379 1190 4448 οῦκοῦν
1211 4380 1307 4446 ούδέν
1331 4384 1530 4458 θαυμαστόν,
1563 4388 1592 4447 ελ
1614 4387 1802 4465 θαυμαστὸς

208 4502 248 4547 συ
269 4486 307 4547 τὰ
330 4483 454 4560 πάντα,
486 4481 601 4567 α’ρετην
622 4506 653 4547 τε
676 4483 757 4558 λέγω
779 4489 833 4543 καί
857 4483 955 4559 λόγον
977 4491 1031 4546 καί
1053 4485 1225 4568 σεμνότητα
1247 4492 1368 4550 πᾶσαν.
1397 4488 1427 4550 εί
1448 4488 1486 4551 δέ
1507 4494 1561 4550 καί
1583 4488 1698 4572 φιλίαν
1719 4490 1801 4569 πρδς

209 4585 337 4664 τούτοις,
370 4586 409 4653 ού
432 4592 547 4670 θαρρῶ
570 4589 778 4650 παντόπασιν
809 4586 1076 4668 ἀποφαίνεσθαι,
1108 4590 1219 4674 έπειδη
1246 4596 1300 4652 καί
1328 4592 1444 4671 χρόνος
1474 4597 1527 4654 καί
1553 4595 1650 4666 τόπος
1677 4590 1802 4656 δδικείν

208 4691 294 4776 ημᾶς
314 4688 465 4766 ὕποπτος,
488 4697 636 4756 τοσοῦτον
657 4688 836 4768 ύπόγοντες
858 4699 912 4754 καί
931 4697 1011 4773 πρδς
1027 4699 1173 4759 τοσοῦτον
1186 4698 1240 4759 τοῦ
1254 4694 1362 4778 φίλου,
1377 4702 1431 4757 καλ
1445 4695 1601 4770 διστάζειν
1613 4700 1803 4777 παρέχοντες

209 4799 255 4880 μοί
277 4817 306 4858 τι
328 4799 498 4857 πέπονθεν
519 4792 736 4874 α’νθροίπινον
757 4796 843 4871 ἴσως,
866 4795 923 4877 οἰχ
945 4797 1044 4879 δρῶν,
1066 4798 1123 4878 αι’-χ
1146 4799 1325 4881 ὁρώμενος,
1348 4797 1366 4864 ὁ
1389 4800 1496 4863 πολλοὶ
1517 4803 1578 4881 μὲν
1601 4802 1802 4886 φιλουμενας,

284 4915 389 4972 ελαδδ
408 4935 447 4985 13,
469 4922 485 4971 6

1439 5024 1518 5095 12*
