<?xml version="1.0" encoding="UTF-8"?>
<!DOCTYPE html PUBLIC "-//W3C//DTD XHTML 1.0 Transitional//EN"
    "http://www.w3.org/TR/xhtml1/DTD/xhtml1-transitional.dtd">
<html xmlns="http://www.w3.org/1999/xhtml" xml:lang="en" lang="en">
 <head>
  <title>
</title>
<meta http-equiv="Content-Type" content="text/html;charset=utf-8" />
  <meta name='ocr-system' content='tesseract 3.04.00' />
  <meta name='ocr-capabilities' content='ocr_page ocr_carea ocr_par ocr_line ocrx_word'/>
</head>
<body>
  <div class='ocr_page' id='page_1' title='image "./iohanniseuchait00vatigoog_0227.png"; bbox 0 0 4560 6172; ppageno 0'>
   <div class='ocr_carea' id='block_1_1' title="bbox 344 500 1946 569">
    <p class='ocr_par' dir='ltr' id='par_1_1' title="bbox 344 500 1946 569">
     <span class='ocr_line' id='line_1_1' title="bbox 344 500 1946 569; baseline 0.002 -3"><span class='ocrx_word' id='word_1_1' title='bbox 344 500 408 566; x_wconf 80' lang='lat'><strong><em>184</em></strong></span> <span class='ocrx_word' id='word_1_2' title='bbox 1854 501 1946 569; x_wconf 77' lang='lat' dir='ltr'><em>m</em></span> 
     </span>
    </p>
   </div>
   <div class='ocr_carea' id='block_1_2' title="bbox 341 666 1945 4884">
    <p class='ocr_par' dir='ltr' id='par_1_2' title="bbox 341 666 1945 2197">
     <span class='ocr_line' id='line_1_2' title="bbox 434 666 1944 751; baseline -0.003 -17"><span class='ocrx_word' id='word_1_3' title='bbox 434 670 460 709; x_wconf 77' lang='lat'><strong><em>²⁰</em></strong></span> <span class='ocrx_word' id='word_1_4' title='bbox 479 667 572 734; x_wconf 77' lang='grc' dir='ltr'><strong><em>Ἀλλδ</em></strong></span> <span class='ocrx_word' id='word_1_5' title='bbox 594 673 692 734; x_wconf 89' lang='grc' dir='ltr'><strong><em>ταῦτα</em></strong></span> <span class='ocrx_word' id='word_1_6' title='bbox 715 674 774 749; x_wconf 69' lang='grc' dir='ltr'><strong><em>μὲν</em></strong></span> <span class='ocrx_word' id='word_1_7' title='bbox 797 668 839 742; x_wconf 83' lang='grc' dir='ltr'><strong><em>ῶς</em></strong></span> <span class='ocrx_word' id='word_1_8' title='bbox 861 666 971 730; x_wconf 91' lang='grc' dir='ltr'><strong><em>πολλά</em></strong></span> <span class='ocrx_word' id='word_1_9' title='bbox 993 689 1024 728; x_wconf 87' lang='grc' dir='ltr'><strong><em>τε</em></strong></span> <span class='ocrx_word' id='word_1_10' title='bbox 1046 671 1100 728; x_wconf 81' lang='grc' dir='ltr'><strong><em>καλ</em></strong></span> <span class='ocrx_word' id='word_1_11' title='bbox 1122 667 1253 730; x_wconf 90' lang='grc' dir='ltr'><strong><em>πολλῶν</em></strong></span> <span class='ocrx_word' id='word_1_12' title='bbox 1275 667 1413 749; x_wconf 88' lang='grc' dir='ltr'><strong><em>δεόμενα</em></strong></span> <span class='ocrx_word' id='word_1_13' title='bbox 1431 669 1538 748; x_wconf 84' lang='grc' dir='ltr'><strong><em>λόγων</em></strong></span> <span class='ocrx_word' id='word_1_14' title='bbox 1554 668 1733 751; x_wconf 73' lang='grc' dir='ltr'><strong><em>παρελθεῖν</em></strong></span> <span class='ocrx_word' id='word_1_15' title='bbox 1750 666 1944 745; x_wconf 88' lang='grc' dir='ltr'><strong><em>άναγκοιῖον,</em></strong></span> 
     </span>
     <span class='ocr_line' id='line_1_3' title="bbox 342 770 1945 855; baseline -0.001 -20"><span class='ocrx_word' id='word_1_16' title='bbox 342 773 446 835; x_wconf 79' lang='grc' dir='ltr'><strong><em>έκεῖνο</em></strong></span> <span class='ocrx_word' id='word_1_17' title='bbox 469 772 497 835; x_wconf 86' lang='grc' dir='ltr'><strong><em>δ’</em></strong></span> <span class='ocrx_word' id='word_1_18' title='bbox 519 777 562 836; x_wconf 78' lang='grc' dir='ltr'><strong><em>ἄν</em></strong></span> <span class='ocrx_word' id='word_1_19' title='bbox 583 771 694 854; x_wconf 89' lang='grc' dir='ltr'><strong><em>δρθῶς</em></strong></span> <span class='ocrx_word' id='word_1_20' title='bbox 715 775 837 851; x_wconf 80' lang='grc' dir='ltr'><strong><em>εἴποιμι</em></strong></span> <span class='ocrx_word' id='word_1_21' title='bbox 859 775 893 834; x_wconf 89' lang='grc' dir='ltr'><strong><em>τδ</em></strong></span> <span class='ocrx_word' id='word_1_22' title='bbox 917 776 984 832; x_wconf 85' lang='grc' dir='ltr'><strong><em>πάν</em></strong></span> <span class='ocrx_word' id='word_1_23' title='bbox 1007 770 1158 846; x_wconf 86' lang='grc' dir='ltr'><strong><em>συνελῶν,</em></strong></span> <span class='ocrx_word' id='word_1_24' title='bbox 1180 770 1223 844; x_wconf 85' lang='grc' dir='ltr'><strong><em>ῶς</em></strong></span> <span class='ocrx_word' id='word_1_25' title='bbox 1244 770 1324 853; x_wconf 74' lang='grc' dir='ltr'><strong><em>ὑπὲρ</em></strong></span> <span class='ocrx_word' id='word_1_26' title='bbox 1347 772 1403 854; x_wconf 90' lang='grc' dir='ltr'><strong><em>τήν</em></strong></span> <span class='ocrx_word' id='word_1_27' title='bbox 1425 778 1502 853; x_wconf 72' lang='grc' dir='ltr'><strong><em>πρὶν</em></strong></span> <span class='ocrx_word' id='word_1_28' title='bbox 1520 770 1686 855; x_wconf 76' lang='grc' dir='ltr'><strong><em>η’δομίνην</em></strong></span> <span class='ocrx_word' id='word_1_29' title='bbox 1708 772 1799 835; x_wconf 93' lang='grc' dir='ltr'><strong><em>λείαν</em></strong></span> <span class='ocrx_word' id='word_1_30' title='bbox 1816 775 1945 835; x_wconf 82' lang='grc' dir='ltr'><strong><em>Μυσῶν</em></strong></span> 
     </span>
     <span class='ocr_line' id='line_1_4' title="bbox 343 871 1942 959; baseline -0.001 -20"><span class='ocrx_word' id='word_1_31' title='bbox 343 874 361 956; x_wconf 82' lang='grc' dir='ltr'><strong><em>ή</em></strong></span> <span class='ocrx_word' id='word_1_32' title='bbox 388 878 529 959; x_wconf 79' lang='grc' dir='ltr'><strong><em>Θρᾳκῶν</em></strong></span> <span class='ocrx_word' id='word_1_33' title='bbox 550 880 622 958; x_wconf 86' lang='grc' dir='ltr'><strong><em>δρτι</em></strong></span> <span class='ocrx_word' id='word_1_34' title='bbox 644 880 803 950; x_wconf 88' lang='grc' dir='ltr'><strong><em>πέπονθε,</em></strong></span> <span class='ocrx_word' id='word_1_35' title='bbox 835 874 971 957; x_wconf 88' lang='grc' dir='ltr'><strong><em>μηδενός</em></strong></span> <span class='ocrx_word' id='word_1_36' title='bbox 993 875 1120 955; x_wconf 83' lang='grc' dir='ltr'><strong><em>ολκτροῦ</em></strong></span> <span class='ocrx_word' id='word_1_37' title='bbox 1142 871 1275 947; x_wconf 91' lang='grc' dir='ltr'><strong><em>πάθους</em></strong></span> <span class='ocrx_word' id='word_1_38' title='bbox 1297 885 1366 948; x_wconf 88' lang='grc' dir='ltr'><strong><em>ταῖς</em></strong></span> <span class='ocrx_word' id='word_1_39' title='bbox 1389 872 1488 956; x_wconf 86' lang='grc' dir='ltr'><strong><em>αύτής</em></strong></span> <span class='ocrx_word' id='word_1_40' title='bbox 1508 874 1718 958; x_wconf 68' lang='grc' dir='ltr'><strong><em>ἐλλείψοντος</em></strong></span> <span class='ocrx_word' id='word_1_41' title='bbox 1740 885 1942 958; x_wconf 87' lang='grc' dir='ltr'><strong><em>συμφοραῖς·</em></strong></span> 
     </span>
     <span class='ocr_line' id='line_1_5' title="bbox 342 975 1943 1063; baseline 0.001 -22"><span class='ocrx_word' id='word_1_42' title='bbox 342 978 535 1060; x_wconf 88' lang='grc' dir='ltr'><strong><em>λυμαντικδν</em></strong></span> <span class='ocrx_word' id='word_1_43' title='bbox 564 982 626 1061; x_wconf 88' lang='grc' dir='ltr'><strong><em>γάρ</em></strong></span> <span class='ocrx_word' id='word_1_44' title='bbox 656 975 751 1041; x_wconf 76' lang='grc' dir='ltr'><strong><em>οὐδὲν</em></strong></span> <span class='ocrx_word' id='word_1_45' title='bbox 780 979 824 1052; x_wconf 81' lang='grc' dir='ltr'><strong><em>ῶς</em></strong></span> <span class='ocrx_word' id='word_1_46' title='bbox 851 982 998 1060; x_wconf 78' lang='grc' dir='ltr'><strong><em>τυραννὶς</em></strong></span> <span class='ocrx_word' id='word_1_47' title='bbox 1026 983 1180 1060; x_wconf 84' lang='grc' dir='ltr'><strong><em>κρατήσαι</em></strong></span> <span class='ocrx_word' id='word_1_48' title='bbox 1202 977 1442 1060; x_wconf 72' lang='grc' dir='ltr'><strong><em>φιλονεικοῦσα·</em></strong></span> <span class='ocrx_word' id='word_1_49' title='bbox 1466 975 1539 1040; x_wconf 87' lang='grc' dir='ltr'><strong><em>ῶσεῖ</em></strong></span> <span class='ocrx_word' id='word_1_50' title='bbox 1561 982 1626 1061; x_wconf 85' lang='grc' dir='ltr'><strong><em>πῦρ</em></strong></span> <span class='ocrx_word' id='word_1_51' title='bbox 1651 981 1655 1063; x_wconf 75' lang='lat' dir='ltr'>j</span> <span class='ocrx_word' id='word_1_52' title='bbox 1680 981 1698 1041; x_wconf 86' lang='grc' dir='ltr'><strong><em>δ</em></strong></span> <span class='ocrx_word' id='word_1_53' title='bbox 1721 979 1796 1042; x_wconf 88' lang='grc' dir='ltr'><strong><em>δια-</em></strong></span> <span class='ocrx_word' id='word_1_54' title='bbox 1861 979 1943 1045; x_wconf 69' lang='grc'><strong><em>2612</em></strong></span> 
     </span>
     <span class='ocr_line' id='line_1_6' title="bbox 341 1077 1944 1165; baseline -0.002 -20"><span class='ocrx_word' id='word_1_55' title='bbox 341 1081 452 1164; x_wconf 77' lang='grc' dir='ltr'><strong><em>φλέξιι</em></strong></span> <span class='ocrx_word' id='word_1_56' title='bbox 475 1082 631 1163; x_wconf 90' lang='grc' dir='ltr'><strong><em>δρυμούς,</em></strong></span> <span class='ocrx_word' id='word_1_57' title='bbox 655 1080 728 1145; x_wconf 81' lang='grc' dir='ltr'><strong><em>ῶσεῖ</em></strong></span> <span class='ocrx_word' id='word_1_58' title='bbox 750 1081 834 1164; x_wconf 80' lang='grc' dir='ltr'><strong><em>φλόξ</em></strong></span> <span class='ocrx_word' id='word_1_59' title='bbox 855 1081 874 1165; x_wconf 85' lang='grc' dir='ltr'><strong><em>ή</em></strong></span> <span class='ocrx_word' id='word_1_60' title='bbox 897 1081 1087 1145; x_wconf 78' lang='grc' dir='ltr'><strong><em>κατακαύσει</em></strong></span> <span class='ocrx_word' id='word_1_61' title='bbox 1108 1082 1194 1164; x_wconf 86' lang='grc' dir='ltr'><strong><em>δρη*,</em></strong></span> <span class='ocrx_word' id='word_1_62' title='bbox 1218 1080 1297 1144; x_wconf 87' lang='grc' dir='ltr'><strong><em>οῦτω</em></strong></span> <span class='ocrx_word' id='word_1_63' title='bbox 1319 1084 1387 1144; x_wconf 84' lang='grc' dir='ltr'><strong><em>πᾶν</em></strong></span> <span class='ocrx_word' id='word_1_64' title='bbox 1409 1077 1554 1163; x_wconf 83' lang='grc' dir='ltr'><strong><em>άφειδῶς</em></strong></span> <span class='ocrx_word' id='word_1_65' title='bbox 1574 1081 1608 1144; x_wconf 85' lang='grc' dir='ltr'><strong><em>τύ</em></strong></span> <span class='ocrx_word' id='word_1_66' title='bbox 1625 1085 1802 1164; x_wconf 74' lang='grc' dir='ltr'><strong><em>προστυχὸν</em></strong></span> <span class='ocrx_word' id='word_1_67' title='bbox 1817 1080 1944 1162; x_wconf 82' lang='grc' dir='ltr'><strong><em>α’φανί-</em></strong></span> 
     </span>
     <span class='ocr_line' id='line_1_7' title="bbox 343 1181 1940 1272; baseline -0.001 -24"><span class='ocrx_word' id='word_1_68' title='bbox 343 1185 449 1258; x_wconf 84' lang='grc' dir='ltr'><strong><em>ζουσα.</em></strong></span> <span class='ocrx_word' id='word_1_69' title='bbox 539 1184 566 1222; x_wconf 78' lang='lat'><strong><em>²⁷</em></strong></span> <span class='ocrx_word' id='word_1_70' title='bbox 576 1189 675 1247; x_wconf 88' lang='grc' dir='ltr'><strong><em>ταῦτα</em></strong></span> <span class='ocrx_word' id='word_1_71' title='bbox 696 1187 756 1263; x_wconf 69' lang='grc' dir='ltr'><strong><em>μὲν</em></strong></span> <span class='ocrx_word' id='word_1_72' title='bbox 777 1181 858 1248; x_wconf 88' lang='grc' dir='ltr'><strong><em>όδοῦ</em></strong></span> <span class='ocrx_word' id='word_1_73' title='bbox 880 1185 1027 1267; x_wconf 89' lang='grc' dir='ltr'><strong><em>πάρεργα</em></strong></span> <span class='ocrx_word' id='word_1_74' title='bbox 1049 1187 1093 1270; x_wconf 74' lang='grc' dir='ltr'><strong><em>τῷ</em></strong></span> <span class='ocrx_word' id='word_1_75' title='bbox 1115 1183 1210 1272; x_wconf 82' lang='grc' dir='ltr'><strong><em>ληστή</em></strong></span> <span class='ocrx_word' id='word_1_76' title='bbox 1233 1188 1287 1246; x_wconf 86' lang='grc' dir='ltr'><strong><em>καῖ</em></strong></span> <span class='ocrx_word' id='word_1_77' title='bbox 1308 1186 1465 1267; x_wconf 76' lang='grc' dir='ltr'><strong><em>τυράννῳ,</em></strong></span> <span class='ocrx_word' id='word_1_78' title='bbox 1488 1186 1509 1266; x_wconf 85' lang='grc' dir='ltr'><strong><em>ή</em></strong></span> <span class='ocrx_word' id='word_1_79' title='bbox 1529 1183 1656 1265; x_wconf 82' lang='grc' dir='ltr'><strong><em>μάλλον</em></strong></span> <span class='ocrx_word' id='word_1_80' title='bbox 1678 1184 1756 1267; x_wconf 80' lang='grc' dir='ltr'><strong><em>ἔργα</em></strong></span> <span class='ocrx_word' id='word_1_81' title='bbox 1778 1183 1940 1265; x_wconf 80' lang='grc' dir='ltr'><strong><em>παρόδου,</em></strong></span> 
     </span>
     <span class='ocr_line' id='line_1_8' title="bbox 341 1283 1940 1375; baseline -0.002 -24"><span class='ocrx_word' id='word_1_82' title='bbox 341 1291 379 1351; x_wconf 82' lang='grc' dir='ltr'><strong><em>τά</em></strong></span> <span class='ocrx_word' id='word_1_83' title='bbox 403 1288 439 1351; x_wconf 71' lang='grc' dir='ltr'><strong><em>ἓν</em></strong></span> <span class='ocrx_word' id='word_1_84' title='bbox 462 1294 535 1350; x_wconf 74' lang='grc' dir='ltr'><strong><em>ποσὶ</em></strong></span> <span class='ocrx_word' id='word_1_85' title='bbox 557 1292 617 1367; x_wconf 74' lang='grc' dir='ltr'><strong><em>μὲν</em></strong></span> <span class='ocrx_word' id='word_1_86' title='bbox 639 1288 785 1375; x_wconf 86' lang='grc' dir='ltr'><strong><em>δηούντι,</em></strong></span> <span class='ocrx_word' id='word_1_87' title='bbox 807 1290 845 1350; x_wconf 84' lang='grc' dir='ltr'><strong><em>τά</em></strong></span> <span class='ocrx_word' id='word_1_88' title='bbox 869 1288 905 1351; x_wconf 76' lang='grc' dir='ltr'><strong><em>δὲ</em></strong></span> <span class='ocrx_word' id='word_1_89' title='bbox 927 1286 1033 1373; x_wconf 84' lang='grc' dir='ltr'><strong><em>κύκλῳ</em></strong></span> <span class='ocrx_word' id='word_1_90' title='bbox 1057 1284 1166 1350; x_wconf 86' lang='grc' dir='ltr'><strong><em>πάντα</em></strong></span> <span class='ocrx_word' id='word_1_91' title='bbox 1188 1286 1372 1363; x_wconf 80' lang='grc' dir='ltr'><strong><em>σαλεύοντι,</em></strong></span> <span class='ocrx_word' id='word_1_92' title='bbox 1396 1287 1487 1371; x_wconf 91' lang='grc' dir='ltr'><strong><em>δίκην</em></strong></span> <span class='ocrx_word' id='word_1_93' title='bbox 1509 1286 1682 1370; x_wconf 88' lang='grc' dir='ltr'><strong><em>δράκοντος</em></strong></span> <span class='ocrx_word' id='word_1_94' title='bbox 1704 1289 1855 1368; x_wconf 79' lang='grc' dir='ltr'><strong><em>έρποντος</em></strong></span> <span class='ocrx_word' id='word_1_95' title='bbox 1877 1283 1940 1351; x_wconf 78' lang='grc' dir='ltr'><strong><em>ύπδ</em></strong></span> 
     </span>
     <span class='ocr_line' id='line_1_9' title="bbox 342 1388 1941 1476; baseline -0.003 -21"><span class='ocrx_word' id='word_1_96' title='bbox 342 1393 471 1456; x_wconf 88' lang='grc' dir='ltr'><strong><em>σύσκιον</em></strong></span> <span class='ocrx_word' id='word_1_97' title='bbox 493 1392 583 1476; x_wconf 87' lang='grc' dir='ltr'><strong><em>ῦληκ.</em></strong></span> <span class='ocrx_word' id='word_1_98' title='bbox 611 1392 680 1453; x_wconf 75' lang='grc' dir='ltr'><strong><em>ἐπεὶ</em></strong></span> <span class='ocrx_word' id='word_1_99' title='bbox 702 1391 738 1454; x_wconf 78' lang='grc' dir='ltr'><strong><em>δὲ</em></strong></span> <span class='ocrx_word' id='word_1_100' title='bbox 760 1390 841 1455; x_wconf 89' lang='grc' dir='ltr'><strong><em>ούτω</em></strong></span> <span class='ocrx_word' id='word_1_101' title='bbox 865 1391 1041 1474; x_wconf 87' lang='grc' dir='ltr'><strong><em>φερόμενος</em></strong></span> <span class='ocrx_word' id='word_1_102' title='bbox 1063 1391 1123 1475; x_wconf 85' lang='grc' dir='ltr'><strong><em>ήδη</em></strong></span> <span class='ocrx_word' id='word_1_103' title='bbox 1145 1391 1358 1471; x_wconf 69' lang='grc' dir='ltr'><strong><em>προσεγγίζειν</em></strong></span> <span class='ocrx_word' id='word_1_104' title='bbox 1380 1388 1561 1474; x_wconf 83' lang='grc' dir='ltr'><strong><em>η’γγόλλετο,</em></strong></span> <span class='ocrx_word' id='word_1_105' title='bbox 1593 1389 1723 1474; x_wconf 90' lang='grc' dir='ltr'><strong><em>σφοδρά</em></strong></span> <span class='ocrx_word' id='word_1_106' title='bbox 1741 1412 1786 1463; x_wconf 85' lang='grc' dir='ltr'><strong><em>τις</em></strong></span> <span class='ocrx_word' id='word_1_107' title='bbox 1808 1389 1941 1472; x_wconf 87' lang='grc' dir='ltr'><strong><em>λαῖλαψ</em></strong></span> 
     </span>
     <span class='ocr_line' id='line_1_10' title="bbox 343 1491 1942 1578; baseline -0.003 -20"><span class='ocrx_word' id='word_1_108' title='bbox 343 1497 441 1578; x_wconf 84' lang='grc' dir='ltr'><strong><em>ἄφνω</em></strong></span> <span class='ocrx_word' id='word_1_109' title='bbox 463 1498 518 1578; x_wconf 93' lang='grc' dir='ltr'><strong><em>τήν</em></strong></span> <span class='ocrx_word' id='word_1_110' title='bbox 540 1493 637 1557; x_wconf 90' lang='grc' dir='ltr'><strong><em>πόλιν</em></strong></span> <span class='ocrx_word' id='word_1_111' title='bbox 659 1497 740 1575; x_wconf 88' lang='grc' dir='ltr'><strong><em>πρός</em></strong></span> <span class='ocrx_word' id='word_1_112' title='bbox 761 1497 815 1577; x_wconf 92' lang='grc' dir='ltr'><strong><em>τήν</em></strong></span> <span class='ocrx_word' id='word_1_113' title='bbox 838 1494 948 1577; x_wconf 90' lang='grc' dir='ltr'><strong><em>φήμην</em></strong></span> <span class='ocrx_word' id='word_1_114' title='bbox 969 1495 1133 1576; x_wconf 75' lang='grc' dir='ltr'><strong><em>ἐτάραττε,</em></strong></span> <span class='ocrx_word' id='word_1_115' title='bbox 1164 1498 1200 1556; x_wconf 84' lang='grc' dir='ltr'><strong><em>τδ</em></strong></span> <span class='ocrx_word' id='word_1_116' title='bbox 1224 1494 1313 1567; x_wconf 85' lang='grc' dir='ltr'><strong><em>έντδς</em></strong></span> <span class='ocrx_word' id='word_1_117' title='bbox 1334 1517 1366 1556; x_wconf 83' lang='grc' dir='ltr'><strong><em>τε</em></strong></span> <span class='ocrx_word' id='word_1_118' title='bbox 1388 1491 1495 1556; x_wconf 91' lang='grc' dir='ltr'><strong><em>πάντα</em></strong></span> <span class='ocrx_word' id='word_1_119' title='bbox 1517 1493 1677 1557; x_wconf 86' lang='grc' dir='ltr'><strong><em>κλονοῦσα</em></strong></span> <span class='ocrx_word' id='word_1_120' title='bbox 1699 1497 1754 1554; x_wconf 84' lang='grc' dir='ltr'><strong><em>καῖ</em></strong></span> <span class='ocrx_word' id='word_1_121' title='bbox 1774 1491 1942 1575; x_wconf 83' lang='grc' dir='ltr'><strong><em>κονιορτόν</em></strong></span> 
     </span>
     <span class='ocr_line' id='line_1_11' title="bbox 343 1597 1942 1680; baseline -0.003 -17"><span class='ocrx_word' id='word_1_122' title='bbox 343 1600 447 1664; x_wconf 78' lang='grc' dir='ltr'><strong><em>πολύν</em></strong></span> <span class='ocrx_word' id='word_1_123' title='bbox 468 1599 594 1674; x_wconf 83' lang='grc' dir='ltr'><strong><em>όξωθεν</em></strong></span> <span class='ocrx_word' id='word_1_124' title='bbox 617 1597 748 1678; x_wconf 83' lang='grc' dir='ltr'><strong><em>άθρόον</em></strong></span> <span class='ocrx_word' id='word_1_125' title='bbox 769 1597 944 1680; x_wconf 76' lang='grc' dir='ltr'><strong><em>ἐγείρουσα.</em></strong></span> <span class='ocrx_word' id='word_1_126' title='bbox 965 1604 1019 1660; x_wconf 81' lang='grc' dir='ltr'><strong><em>καὶ</em></strong></span> <span class='ocrx_word' id='word_1_127' title='bbox 1042 1602 1252 1678; x_wconf 76' lang='grc' dir='ltr'><strong><em>πανταχόθεν</em></strong></span> <span class='ocrx_word' id='word_1_128' title='bbox 1275 1601 1314 1680; x_wconf 84' lang='grc' dir='ltr'><strong><em>ήν</em></strong></span> <span class='ocrx_word' id='word_1_129' title='bbox 1329 1598 1450 1679; x_wconf 84' lang='grc' dir='ltr'><strong><em>δρόμος</em></strong></span> <span class='ocrx_word' id='word_1_130' title='bbox 1471 1599 1524 1661; x_wconf 74' lang='grc' dir='ltr'><strong><em>έπῖ</em></strong></span> <span class='ocrx_word' id='word_1_131' title='bbox 1546 1600 1602 1671; x_wconf 81' lang='grc' dir='ltr'><strong><em>τάς</em></strong></span> <span class='ocrx_word' id='word_1_132' title='bbox 1624 1598 1727 1672; x_wconf 81' lang='grc' dir='ltr'><strong><em>πύλας</em></strong></span> <span class='ocrx_word' id='word_1_133' title='bbox 1741 1597 1853 1671; x_wconf 89' lang='grc' dir='ltr'><strong><em>πολύς,</em></strong></span> <span class='ocrx_word' id='word_1_134' title='bbox 1876 1601 1942 1661; x_wconf 88' lang='grc' dir='ltr'><strong><em>τῶν</em></strong></span> 
     </span>
     <span class='ocr_line' id='line_1_12' title="bbox 343 1699 1940 1783; baseline -0.002 -18"><span class='ocrx_word' id='word_1_135' title='bbox 343 1704 380 1765; x_wconf 80' lang='grc' dir='ltr'><strong><em>έν</em></strong></span> <span class='ocrx_word' id='word_1_136' title='bbox 409 1712 473 1775; x_wconf 89' lang='grc' dir='ltr'><strong><em>τοῖς</em></strong></span> <span class='ocrx_word' id='word_1_137' title='bbox 502 1705 595 1782; x_wconf 85' lang='grc' dir='ltr'><strong><em>πέριξ</em></strong></span> <span class='ocrx_word' id='word_1_138' title='bbox 624 1700 735 1783; x_wconf 83' lang='grc' dir='ltr'><strong><em>α’γροῖς</em></strong></span> <span class='ocrx_word' id='word_1_139' title='bbox 765 1705 818 1762; x_wconf 75' lang='grc' dir='ltr'><strong><em>καὶ</em></strong></span> <span class='ocrx_word' id='word_1_140' title='bbox 847 1705 1021 1774; x_wconf 76' lang='grc' dir='ltr'><strong><em>συνοικίαις</em></strong></span> <span class='ocrx_word' id='word_1_141' title='bbox 1051 1706 1105 1762; x_wconf 80' lang='grc' dir='ltr'><strong><em>καῖ</em></strong></span> <span class='ocrx_word' id='word_1_142' title='bbox 1137 1699 1259 1781; x_wconf 84' lang='grc' dir='ltr'><strong><em>κόμαις</em></strong></span> <span class='ocrx_word' id='word_1_143' title='bbox 1285 1708 1349 1764; x_wconf 87' lang='grc' dir='ltr'><strong><em>τῶν</em></strong></span> <span class='ocrx_word' id='word_1_144' title='bbox 1378 1706 1488 1780; x_wconf 90' lang='grc' dir='ltr'><strong><em>τειχῶν</em></strong></span> <span class='ocrx_word' id='word_1_145' title='bbox 1522 1701 1609 1773; x_wconf 84' lang='grc' dir='ltr'><strong><em>ένιδς</em></strong></span> <span class='ocrx_word' id='word_1_146' title='bbox 1645 1701 1940 1782; x_wconf 84' lang='grc' dir='ltr'><strong><em>συνελαυνομένιιν,</em></strong></span> 
     </span>
     <span class='ocr_line' id='line_1_13' title="bbox 343 1799 1941 1886; baseline -0.002 -18"><span class='ocrx_word' id='word_1_147' title='bbox 343 1805 649 1884; x_wconf 82' lang='grc' dir='ltr'><strong><em>α’νασκευαζομίνων</em></strong></span> <span class='ocrx_word' id='word_1_148' title='bbox 672 1826 703 1865; x_wconf 86' lang='grc' dir='ltr'><strong><em>τε</em></strong></span> <span class='ocrx_word' id='word_1_149' title='bbox 725 1803 832 1866; x_wconf 91' lang='grc' dir='ltr'><strong><em>πάντα</em></strong></span> <span class='ocrx_word' id='word_1_150' title='bbox 855 1808 935 1866; x_wconf 83' lang='grc' dir='ltr'><strong><em>κατὰ</em></strong></span> <span class='ocrx_word' id='word_1_151' title='bbox 959 1804 1102 1886; x_wconf 86' lang='grc' dir='ltr'><strong><em>σπουδήν</em></strong></span> <span class='ocrx_word' id='word_1_152' title='bbox 1124 1802 1186 1867; x_wconf 87' lang='grc' dir='ltr'><strong><em>όσα</em></strong></span> <span class='ocrx_word' id='word_1_153' title='bbox 1209 1807 1319 1886; x_wconf 83' lang='grc' dir='ltr'><strong><em>φέρειν</em></strong></span> <span class='ocrx_word' id='word_1_154' title='bbox 1350 1805 1482 1886; x_wconf 80' lang='grc' dir='ltr'><strong><em>ήδγειν</em></strong></span> <span class='ocrx_word' id='word_1_155' title='bbox 1503 1802 1521 1866; x_wconf 87' lang='grc' dir='ltr'><strong><em>δ</em></strong></span> <span class='ocrx_word' id='word_1_156' title='bbox 1544 1807 1654 1885; x_wconf 84' lang='grc' dir='ltr'><strong><em>καιρός</em></strong></span> <span class='ocrx_word' id='word_1_157' title='bbox 1674 1803 1820 1866; x_wconf 76' lang='grc' dir='ltr'><strong><em>ἐνεδίδου</em></strong></span> <span class='ocrx_word' id='word_1_158' title='bbox 1841 1799 1941 1884; x_wconf 79' lang='grc' dir='ltr'><strong><em>καλή</em></strong></span> 
     </span>
     <span class='ocr_line' id='line_1_14' title="bbox 344 1906 1941 1991; baseline -0.003 -19"><span class='ocrx_word' id='word_1_159' title='bbox 344 1909 411 1973; x_wconf 83' lang='grc' dir='ltr'><strong><em>τότε</em></strong></span> <span class='ocrx_word' id='word_1_160' title='bbox 432 1912 628 1991; x_wconf 88' lang='grc' dir='ltr'><strong><em>περίστασις,</em></strong></span> <span class='ocrx_word' id='word_1_161' title='bbox 659 1910 737 1986; x_wconf 80' lang='grc' dir='ltr'><strong><em>μετὰ</em></strong></span> <span class='ocrx_word' id='word_1_162' title='bbox 768 1907 804 1969; x_wconf 76' lang='grc' dir='ltr'><strong><em>δὲ</em></strong></span> <span class='ocrx_word' id='word_1_163' title='bbox 834 1911 948 1990; x_wconf 83' lang='grc' dir='ltr'><strong><em>φρίκης</em></strong></span> <span class='ocrx_word' id='word_1_164' title='bbox 978 1909 1048 1988; x_wconf 85' lang='grc' dir='ltr'><strong><em>ἄμα</em></strong></span> <span class='ocrx_word' id='word_1_165' title='bbox 1075 1912 1129 1968; x_wconf 82' lang='grc' dir='ltr'><strong><em>καῖ</em></strong></span> <span class='ocrx_word' id='word_1_166' title='bbox 1158 1908 1252 1981; x_wconf 86' lang='grc' dir='ltr'><strong><em>δέους</em></strong></span> <span class='ocrx_word' id='word_1_167' title='bbox 1284 1912 1338 1970; x_wconf 80' lang='grc' dir='ltr'><strong><em>καῖ</em></strong></span> <span class='ocrx_word' id='word_1_168' title='bbox 1368 1911 1491 1988; x_wconf 84' lang='grc' dir='ltr'><strong><em>πικρῶν</em></strong></span> <span class='ocrx_word' id='word_1_169' title='bbox 1522 1906 1671 1988; x_wconf 90' lang='grc' dir='ltr'><strong><em>δδυρμῶν</em></strong></span> <span class='ocrx_word' id='word_1_170' title='bbox 1701 1908 1755 1969; x_wconf 77' lang='grc' dir='ltr'><strong><em>ίπῖ</em></strong></span> <span class='ocrx_word' id='word_1_171' title='bbox 1782 1911 1820 1971; x_wconf 83' lang='grc' dir='ltr'><strong><em>τό</em></strong></span> <span class='ocrx_word' id='word_1_172' title='bbox 1843 1907 1941 1970; x_wconf 79' lang='grc' dir='ltr'><strong><em>ἔνδον</em></strong></span> 
     </span>
     <span class='ocr_line' id='line_1_15' title="bbox 344 2006 1940 2093; baseline -0.003 -17"><span class='ocrx_word' id='word_1_173' title='bbox 344 2015 603 2093; x_wconf 76' lang='grc' dir='ltr'><strong><em>συνωθουμένων</em></strong></span> <span class='ocrx_word' id='word_1_174' title='bbox 632 2016 687 2073; x_wconf 77' lang='grc' dir='ltr'><strong><em>καὶ</em></strong></span> <span class='ocrx_word' id='word_1_175' title='bbox 715 2011 847 2093; x_wconf 90' lang='grc' dir='ltr'><strong><em>φθάσαι</em></strong></span> <span class='ocrx_word' id='word_1_176' title='bbox 878 2009 1081 2073; x_wconf 84' lang='grc' dir='ltr'><strong><em>σπευδόντων</em></strong></span> <span class='ocrx_word' id='word_1_177' title='bbox 1108 2015 1171 2073; x_wconf 87' lang='grc' dir='ltr'><strong><em>τῶν</em></strong></span> <span class='ocrx_word' id='word_1_178' title='bbox 1199 2009 1360 2090; x_wconf 91' lang='grc' dir='ltr'><strong><em>πολεμίων</em></strong></span> <span class='ocrx_word' id='word_1_179' title='bbox 1387 2011 1444 2093; x_wconf 86' lang='grc' dir='ltr'><strong><em>τήν</em></strong></span> <span class='ocrx_word' id='word_1_180' title='bbox 1471 2009 1592 2093; x_wconf 84' lang='grc' dir='ltr'><strong><em>ἔφοδον</em></strong></span> <span class='ocrx_word' id='word_1_181' title='bbox 1620 2006 1664 2083; x_wconf 86' lang='grc' dir='ltr'><strong><em>ῶς</em></strong></span> <span class='ocrx_word' id='word_1_182' title='bbox 1695 2010 1724 2072; x_wconf 88' lang='grc' dir='ltr'><strong><em>εί</em></strong></span> <span class='ocrx_word' id='word_1_183' title='bbox 1745 2013 1776 2072; x_wconf 88' lang='grc' dir='ltr'><strong><em>Γ</em></strong></span> <span class='ocrx_word' id='word_1_184' title='bbox 1772 2009 1940 2092; x_wconf 82' lang='grc' dir='ltr'><strong><em>αλάταςή</em></strong></span> 
     </span>
     <span class='ocr_line' id='line_1_16' title="bbox 345 2110 1941 2197; baseline -0.001 -19"><span class='ocrx_word' id='word_1_185' title='bbox 345 2115 478 2188; x_wconf 80' lang='grc' dir='ltr'><strong><em>Σκύθας</em></strong></span> <span class='ocrx_word' id='word_1_186' title='bbox 500 2118 521 2197; x_wconf 79' lang='grc' dir='ltr'><strong><em>η·</em></strong></span> <span class='ocrx_word' id='word_1_187' title='bbox 545 2114 678 2186; x_wconf 80' lang='grc' dir='ltr'><strong><em>Κελτούς</em></strong></span> <span class='ocrx_word' id='word_1_188' title='bbox 700 2112 923 2194; x_wconf 87' lang='grc' dir='ltr'><strong><em>προσεδόκων·</em></strong></span> <span class='ocrx_word' id='word_1_189' title='bbox 946 2117 1093 2177; x_wconf 90' lang='grc' dir='ltr'><strong><em>τοσοῦτον</em></strong></span> <span class='ocrx_word' id='word_1_190' title='bbox 1115 2111 1153 2196; x_wconf 86' lang='grc' dir='ltr'><strong><em>ήν</em></strong></span> <span class='ocrx_word' id='word_1_191' title='bbox 1175 2114 1314 2196; x_wconf 82' lang='grc' dir='ltr'><strong><em>φοβερός</em></strong></span> <span class='ocrx_word' id='word_1_192' title='bbox 1336 2116 1390 2174; x_wconf 80' lang='grc' dir='ltr'><strong><em>καῖ</em></strong></span> <span class='ocrx_word' id='word_1_193' title='bbox 1405 2114 1468 2193; x_wconf 89' lang='grc' dir='ltr'><strong><em>πρδ</em></strong></span> <span class='ocrx_word' id='word_1_194' title='bbox 1483 2116 1537 2195; x_wconf 89' lang='grc' dir='ltr'><strong><em>τής</em></strong></span> <span class='ocrx_word' id='word_1_195' title='bbox 1551 2110 1759 2195; x_wconf 85' lang='grc' dir='ltr'><strong><em>παρουσίαςδ</em></strong></span> <span class='ocrx_word' id='word_1_196' title='bbox 1776 2113 1941 2195; x_wconf 87' lang='grc' dir='ltr'><strong><em>τύραννος.</em></strong></span> 
     </span>
    </p>

    <p class='ocr_par' dir='ltr' id='par_1_3' title="bbox 344 2213 1940 4154">
     <span class='ocr_line' id='line_1_17' title="bbox 434 2213 1939 2301; baseline -0.001 -21"><span class='ocrx_word' id='word_1_197' title='bbox 434 2219 438 2301; x_wconf 88' lang='grc' dir='ltr'>Ι</span> <span class='ocrx_word' id='word_1_198' title='bbox 466 2213 586 2280; x_wconf 53' lang='grc' dir='ltr'><strong><em>ἵδᾍλλ</em></strong></span> <span class='ocrx_word' id='word_1_199' title='bbox 607 2218 725 2290; x_wconf 75' lang='grc' dir='ltr'><strong><em>ἐκεῖνος</em></strong></span> <span class='ocrx_word' id='word_1_200' title='bbox 746 2221 805 2296; x_wconf 82' lang='grc' dir='ltr'><strong><em>μὲν</em></strong></span> <span class='ocrx_word' id='word_1_201' title='bbox 827 2217 908 2295; x_wconf 83' lang='grc' dir='ltr'><strong><em>ούτω</em></strong></span> <span class='ocrx_word' id='word_1_202' title='bbox 932 2221 985 2277; x_wconf 86' lang='grc' dir='ltr'><strong><em>καῖ</em></strong></span> <span class='ocrx_word' id='word_1_203' title='bbox 1005 2218 1082 2296; x_wconf 82' lang='grc' dir='ltr'><strong><em>μετά</em></strong></span> <span class='ocrx_word' id='word_1_204' title='bbox 1113 2214 1256 2299; x_wconf 79' lang='grc' dir='ltr'><strong><em>τοιαύτης</em></strong></span> <span class='ocrx_word' id='word_1_205' title='bbox 1279 2213 1353 2298; x_wconf 86' lang='grc' dir='ltr'><strong><em>ήμῖν</em></strong></span> <span class='ocrx_word' id='word_1_206' title='bbox 1375 2214 1589 2296; x_wconf 68' lang='grc' dir='ltr'><strong><em>ἐπιστρατεύει</em></strong></span> <span class='ocrx_word' id='word_1_207' title='bbox 1612 2217 1665 2297; x_wconf 85' lang='grc' dir='ltr'><strong><em>τής</em></strong></span> <span class='ocrx_word' id='word_1_208' title='bbox 1686 2238 1792 2278; x_wconf 89' lang='grc' dir='ltr'><strong><em>καται-</em></strong></span> <span class='ocrx_word' id='word_1_209' title='bbox 1859 2215 1939 2280; x_wconf 76' lang='grc'><strong><em>2621</em></strong></span> 
     </span>
     <span class='ocr_line' id='line_1_18' title="bbox 344 2307 1940 2402; baseline -0.003 -20"><span class='ocrx_word' id='word_1_210' title='bbox 344 2321 447 2399; x_wconf 92' lang='grc' dir='ltr'><strong><em>γίδος·</em></strong></span> <span class='ocrx_word' id='word_1_211' title='bbox 470 2321 499 2383; x_wconf 91' lang='grc' dir='ltr'><strong><em>τί</em></strong></span> <span class='ocrx_word' id='word_1_212' title='bbox 520 2320 556 2382; x_wconf 79' lang='grc' dir='ltr'><strong><em>δὲ</em></strong></span> <span class='ocrx_word' id='word_1_213' title='bbox 578 2317 595 2383; x_wconf 84' lang='grc' dir='ltr'><strong><em>δ</em></strong></span> <span class='ocrx_word' id='word_1_214' title='bbox 619 2323 697 2382; x_wconf 81' lang='grc' dir='ltr'><strong><em>καθ’</em></strong></span> <span class='ocrx_word' id='word_1_215' title='bbox 720 2317 803 2402; x_wconf 79' lang='grc' dir='ltr'><strong><em>ήμᾶς</em></strong></span> <span class='ocrx_word' id='word_1_216' title='bbox 822 2307 965 2394; x_wconf 77' lang='grc' dir='ltr'><strong><em>Ἐζεκίας,</em></strong></span> <span class='ocrx_word' id='word_1_217' title='bbox 988 2318 1006 2382; x_wconf 92' lang='grc' dir='ltr'><strong><em>δ</em></strong></span> <span class='ocrx_word' id='word_1_218' title='bbox 1029 2318 1184 2402; x_wconf 87' lang='grc' dir='ltr'><strong><em>είρηνικὸς</em></strong></span> <span class='ocrx_word' id='word_1_219' title='bbox 1205 2319 1363 2397; x_wconf 87' lang='grc' dir='ltr'><strong><em>βασιλεύς,</em></strong></span> <span class='ocrx_word' id='word_1_220' title='bbox 1387 2317 1405 2382; x_wconf 87' lang='grc' dir='ltr'><strong><em>δ</em></strong></span> <span class='ocrx_word' id='word_1_221' title='bbox 1428 2324 1533 2400; x_wconf 80' lang='grc' dir='ltr'><strong><em>πρᾷος</em></strong></span> <span class='ocrx_word' id='word_1_222' title='bbox 1555 2322 1609 2380; x_wconf 80' lang='grc' dir='ltr'><strong><em>καῖ</em></strong></span> <span class='ocrx_word' id='word_1_223' title='bbox 1631 2318 1744 2400; x_wconf 89' lang='grc' dir='ltr'><strong><em>ήμερος</em></strong></span> <span class='ocrx_word' id='word_1_224' title='bbox 1766 2321 1822 2380; x_wconf 76' lang='grc' dir='ltr'><strong><em>καὶ</em></strong></span> <span class='ocrx_word' id='word_1_225' title='bbox 1835 2323 1940 2397; x_wconf 87' lang='grc' dir='ltr'><strong><em>μισῶν</em></strong></span> 
     </span>
     <span class='ocr_line' id='line_1_19' title="bbox 346 2417 1940 2506; baseline -0.001 -21"><span class='ocrx_word' id='word_1_226' title='bbox 346 2425 474 2506; x_wconf 88' lang='grc' dir='ltr'><strong><em>σφαγάς</em></strong></span> <span class='ocrx_word' id='word_1_227' title='bbox 496 2445 527 2485; x_wconf 87' lang='grc' dir='ltr'><strong><em>τε</em></strong></span> <span class='ocrx_word' id='word_1_228' title='bbox 550 2425 604 2484; x_wconf 75' lang='grc' dir='ltr'><strong><em>καὶ</em></strong></span> <span class='ocrx_word' id='word_1_229' title='bbox 627 2426 750 2505; x_wconf 88' lang='grc' dir='ltr'><strong><em>φόνους</em></strong></span> <span class='ocrx_word' id='word_1_230' title='bbox 756 2450 768 2501; x_wconf 86' lang='grc'><strong><em>,·</em></strong></span> <span class='ocrx_word' id='word_1_231' title='bbox 798 2425 826 2484; x_wconf 92' lang='grc' dir='ltr'><strong><em>τί</em></strong></span> <span class='ocrx_word' id='word_1_232' title='bbox 848 2425 929 2504; x_wconf 90' lang='grc' dir='ltr'><strong><em>πρδς</em></strong></span> <span class='ocrx_word' id='word_1_233' title='bbox 952 2425 1051 2486; x_wconf 88' lang='grc' dir='ltr'><strong><em>ταῦτα</em></strong></span> <span class='ocrx_word' id='word_1_234' title='bbox 1073 2431 1176 2500; x_wconf 79' lang='grc' dir='ltr'><strong><em>ποιεῖς</em></strong></span> <span class='ocrx_word' id='word_1_235' title='bbox 1198 2425 1226 2482; x_wconf 93' lang='grc' dir='ltr'><strong><em>τί</em></strong></span> <span class='ocrx_word' id='word_1_236' title='bbox 1246 2420 1447 2500; x_wconf 79' lang='grc' dir='ltr'><strong><em>βουλεύεται,</em></strong></span> <span class='ocrx_word' id='word_1_237' title='bbox 1467 2421 1547 2505; x_wconf 88' lang='grc' dir='ltr'><strong><em>μήθ’</em></strong></span> <span class='ocrx_word' id='word_1_238' title='bbox 1570 2419 1638 2494; x_wconf 87' lang='grc' dir='ltr'><strong><em>οίός</em></strong></span> <span class='ocrx_word' id='word_1_239' title='bbox 1660 2444 1691 2483; x_wconf 92' lang='grc' dir='ltr'><strong><em>τε</em></strong></span> <span class='ocrx_word' id='word_1_240' title='bbox 1713 2423 1759 2483; x_wconf 87' lang='grc' dir='ltr'><strong><em>ῶν</em></strong></span> <span class='ocrx_word' id='word_1_241' title='bbox 1780 2423 1856 2494; x_wconf 84' lang='grc' dir='ltr'><strong><em>τέως</em></strong></span> <span class='ocrx_word' id='word_1_242' title='bbox 1878 2417 1940 2483; x_wconf 84' lang='grc' dir='ltr'><strong><em>άν-</em></strong></span> 
     </span>
     <span class='ocr_line' id='line_1_20' title="bbox 345 2521 1940 2607; baseline -0.001 -20"><span class='ocrx_word' id='word_1_243' title='bbox 345 2527 521 2600; x_wconf 81' lang='grc' dir='ltr'><strong><em>τεπεξιίναι</em></strong></span> <span class='ocrx_word' id='word_1_244' title='bbox 550 2534 614 2597; x_wconf 89' lang='grc' dir='ltr'><strong><em>τοῖς</em></strong></span> <span class='ocrx_word' id='word_1_245' title='bbox 646 2524 808 2606; x_wconf 76' lang='grc' dir='ltr'><strong><em>πολεμίοις</em></strong></span> <span class='ocrx_word' id='word_1_246' title='bbox 837 2522 960 2606; x_wconf 82' lang='grc' dir='ltr'><strong><em>δπορίηι</em></strong></span> <span class='ocrx_word' id='word_1_247' title='bbox 988 2524 1232 2605; x_wconf 86' lang='grc' dir='ltr'><strong><em>στρατεύματος,</em></strong></span> <span class='ocrx_word' id='word_1_248' title='bbox 1262 2521 1426 2597; x_wconf 84' lang='grc' dir='ltr'><strong><em>κάκεένοος</em></strong></span> <span class='ocrx_word' id='word_1_249' title='bbox 1455 2523 1515 2607; x_wconf 88' lang='grc' dir='ltr'><strong><em>ήδη</em></strong></span> <span class='ocrx_word' id='word_1_250' title='bbox 1546 2525 1707 2605; x_wconf 87' lang='grc' dir='ltr'><strong><em>παρόντας</em></strong></span> <span class='ocrx_word' id='word_1_251' title='bbox 1737 2524 1790 2586; x_wconf 73' lang='grc' dir='ltr'><strong><em>ἐπὶ</em></strong></span> <span class='ocrx_word' id='word_1_252' title='bbox 1818 2523 1940 2605; x_wconf 91' lang='grc' dir='ltr'><strong><em>θύραις</em></strong></span> 
     </span>
     <span class='ocr_line' id='line_1_21' title="bbox 346 2622 1936 2710; baseline 0 -22"><span class='ocrx_word' id='word_1_253' title='bbox 346 2628 489 2704; x_wconf 78' lang='grc' dir='ltr'><strong><em>άκούωνς</em></strong></span> <span class='ocrx_word' id='word_1_254' title='bbox 524 2629 593 2698; x_wconf 88' lang='grc' dir='ltr'><strong><em>πῶς</em></strong></span> <span class='ocrx_word' id='word_1_255' title='bbox 622 2623 679 2689; x_wconf 87' lang='grc' dir='ltr'><strong><em>ούν</em></strong></span> <span class='ocrx_word' id='word_1_256' title='bbox 708 2628 787 2707; x_wconf 88' lang='grc' dir='ltr'><strong><em>πρδς</em></strong></span> <span class='ocrx_word' id='word_1_257' title='bbox 808 2628 863 2689; x_wconf 90' lang='grc' dir='ltr'><strong><em>τδν</em></strong></span> <span class='ocrx_word' id='word_1_258' title='bbox 886 2626 1036 2689; x_wconf 87' lang='grc' dir='ltr'><strong><em>κίνδυνον</em></strong></span> <span class='ocrx_word' id='word_1_259' title='bbox 1058 2633 1180 2689; x_wconf 80' lang='grc' dir='ltr'><strong><em>ῖσταται</em></strong></span> <span class='ocrx_word' id='word_1_260' title='bbox 1203 2631 1257 2688; x_wconf 75' lang='grc' dir='ltr'><strong><em>καὶ</em></strong></span> <span class='ocrx_word' id='word_1_261' title='bbox 1279 2630 1308 2688; x_wconf 90' lang='grc' dir='ltr'><strong><em>τί</em></strong></span> <span class='ocrx_word' id='word_1_262' title='bbox 1328 2630 1508 2710; x_wconf 81' lang='grc' dir='ltr'><strong><em>μηχανᾶται</em></strong></span> <span class='ocrx_word' id='word_1_263' title='bbox 1513 2656 1525 2705; x_wconf 89' lang='lat'><strong><em>,·</em></strong></span> <span class='ocrx_word' id='word_1_264' title='bbox 1558 2622 1629 2709; x_wconf 85' lang='grc' dir='ltr'><strong><em>εὗρε</em></strong></span> <span class='ocrx_word' id='word_1_265' title='bbox 1651 2626 1754 2708; x_wconf 91' lang='grc' dir='ltr'><strong><em>πόρον</em></strong></span> <span class='ocrx_word' id='word_1_266' title='bbox 1775 2624 1936 2699; x_wconf 77' lang='grc' dir='ltr'><strong><em>έκεῖνοςδ</em></strong></span> 
     </span>
     <span class='ocr_line' id='line_1_22' title="bbox 346 2726 1939 2819; baseline -0.003 -26"><span class='ocrx_word' id='word_1_267' title='bbox 346 2732 448 2814; x_wconf 84' lang='grc' dir='ltr'><strong><em>σοφός</em></strong></span> <span class='ocrx_word' id='word_1_268' title='bbox 468 2731 504 2792; x_wconf 75' lang='grc' dir='ltr'><strong><em>ἐν</em></strong></span> <span class='ocrx_word' id='word_1_269' title='bbox 526 2729 681 2812; x_wconf 83' lang='grc' dir='ltr'><strong><em>άπδροις·</em></strong></span> <span class='ocrx_word' id='word_1_270' title='bbox 715 2726 785 2811; x_wconf 71' lang='grc' dir='ltr'><strong><em>εὗρε</em></strong></span> <span class='ocrx_word' id='word_1_271' title='bbox 808 2732 954 2804; x_wconf 88' lang='grc' dir='ltr'><strong><em>πάντως,</em></strong></span> <span class='ocrx_word' id='word_1_272' title='bbox 987 2734 1041 2792; x_wconf 80' lang='grc' dir='ltr'><strong><em>καὶ</em></strong></span> <span class='ocrx_word' id='word_1_273' title='bbox 1063 2728 1119 2794; x_wconf 87' lang='grc' dir='ltr'><strong><em>ούκ</em></strong></span> <span class='ocrx_word' id='word_1_274' title='bbox 1141 2729 1288 2813; x_wconf 80' lang='grc' dir='ltr'><strong><em>η’πόρησε.</em></strong></span> <span class='ocrx_word' id='word_1_275' title='bbox 1311 2733 1346 2819; x_wconf 79' lang='grc' dir='ltr'><strong><em>τῇ</em></strong></span> <span class='ocrx_word' id='word_1_276' title='bbox 1368 2737 1421 2794; x_wconf 90' lang='grc' dir='ltr'><strong><em>τοῦ</em></strong></span> <span class='ocrx_word' id='word_1_277' title='bbox 1444 2732 1557 2811; x_wconf 83' lang='grc' dir='ltr'><strong><em>καιροῦ</em></strong></span> <span class='ocrx_word' id='word_1_278' title='bbox 1578 2728 1641 2809; x_wconf 83' lang='grc' dir='ltr'><strong><em>γάρ</em></strong></span> <span class='ocrx_word' id='word_1_279' title='bbox 1664 2727 1787 2812; x_wconf 83' lang='grc' dir='ltr'><strong><em>δξύτητι</em></strong></span> <span class='ocrx_word' id='word_1_280' title='bbox 1808 2729 1864 2812; x_wconf 82' lang='grc' dir='ltr'><strong><em>τήν</em></strong></span> <span class='ocrx_word' id='word_1_281' title='bbox 1885 2731 1939 2810; x_wconf 88' lang='grc' dir='ltr'><strong><em>τής</em></strong></span> 
     </span>
     <span class='ocr_line' id='line_1_23' title="bbox 346 2830 1939 2917; baseline -0.003 -20"><span class='ocrx_word' id='word_1_282' title='bbox 346 2833 461 2899; x_wconf 78' lang='grc' dir='ltr'><strong><em>ἑαυτοῦ</em></strong></span> <span class='ocrx_word' id='word_1_283' title='bbox 482 2835 599 2916; x_wconf 87' lang='grc' dir='ltr'><strong><em>φρενδς</em></strong></span> <span class='ocrx_word' id='word_1_284' title='bbox 621 2830 817 2916; x_wconf 81' lang='grc' dir='ltr'><strong><em>δντιστήσας,</em></strong></span> <span class='ocrx_word' id='word_1_285' title='bbox 841 2832 898 2897; x_wconf 90' lang='grc' dir='ltr'><strong><em>δύο</em></strong></span> <span class='ocrx_word' id='word_1_286' title='bbox 922 2836 1084 2896; x_wconf 87' lang='grc' dir='ltr'><strong><em>σκέπτεται</em></strong></span> <span class='ocrx_word' id='word_1_287' title='bbox 1107 2834 1293 2913; x_wconf 89' lang='grc' dir='ltr'><strong><em>πράγματα,</em></strong></span> <span class='ocrx_word' id='word_1_288' title='bbox 1315 2833 1481 2917; x_wconf 78' lang='grc' dir='ltr'><strong><em>βασιλικῆς</em></strong></span> <span class='ocrx_word' id='word_1_289' title='bbox 1502 2834 1685 2915; x_wconf 88' lang='grc' dir='ltr'><strong><em>φρονήσεως</em></strong></span> <span class='ocrx_word' id='word_1_290' title='bbox 1707 2834 1800 2907; x_wconf 87' lang='grc' dir='ltr'><strong><em>δξια·</em></strong></span> <span class='ocrx_word' id='word_1_291' title='bbox 1824 2834 1857 2894; x_wconf 90' lang='grc' dir='ltr'><strong><em>τδ</em></strong></span> <span class='ocrx_word' id='word_1_292' title='bbox 1877 2834 1939 2911; x_wconf 74' lang='grc' dir='ltr'><strong><em>μὲν</em></strong></span> 
     </span>
     <span class='ocr_line' id='line_1_24' title="bbox 346 2933 1936 3020; baseline -0.001 -21"><span class='ocrx_word' id='word_1_293' title='bbox 346 2941 382 2999; x_wconf 72' lang='grc' dir='ltr'><strong><em>ἓν</em></strong></span> <span class='ocrx_word' id='word_1_294' title='bbox 405 2939 509 3016; x_wconf 84' lang='grc' dir='ltr'><strong><em>σοφόν</em></strong></span> <span class='ocrx_word' id='word_1_295' title='bbox 529 2939 599 3015; x_wconf 82' lang='grc' dir='ltr'><strong><em>μέν,</em></strong></span> <span class='ocrx_word' id='word_1_296' title='bbox 630 2934 688 2998; x_wconf 85' lang='grc' dir='ltr'><strong><em>ούκ</em></strong></span> <span class='ocrx_word' id='word_1_297' title='bbox 710 2933 835 3014; x_wconf 82' lang='grc' dir='ltr'><strong><em>εύτυχὲς</em></strong></span> <span class='ocrx_word' id='word_1_298' title='bbox 857 2934 904 2997; x_wconf 86' lang='grc' dir='ltr'><strong><em>δέ.</em></strong></span> <span class='ocrx_word' id='word_1_299' title='bbox 932 2939 1010 3013; x_wconf 85' lang='grc' dir='ltr'><strong><em>μετὰ</em></strong></span> <span class='ocrx_word' id='word_1_300' title='bbox 1039 2940 1102 2998; x_wconf 90' lang='grc' dir='ltr'><strong><em>τῶν</em></strong></span> <span class='ocrx_word' id='word_1_301' title='bbox 1129 2937 1304 3015; x_wconf 89' lang='grc' dir='ltr'><strong><em>μισούντων</em></strong></span> <span class='ocrx_word' id='word_1_302' title='bbox 1332 2939 1387 3020; x_wconf 85' lang='grc' dir='ltr'><strong><em>τήν</em></strong></span> <span class='ocrx_word' id='word_1_303' title='bbox 1419 2937 1548 3020; x_wconf 78' lang='grc' dir='ltr'><strong><em>εἰρήνην</em></strong></span> <span class='ocrx_word' id='word_1_304' title='bbox 1574 2937 1730 3019; x_wconf 75' lang='grc' dir='ltr'><strong><em>εἰρηνικός</em></strong></span> <span class='ocrx_word' id='word_1_305' title='bbox 1761 2937 1805 2999; x_wconf 83' lang='grc' dir='ltr'><strong><em>ἔτι</em></strong></span> <span class='ocrx_word' id='word_1_306' title='bbox 1836 2939 1936 3014; x_wconf 87' lang='grc' dir='ltr'><strong><em>μένει,</em></strong></span> 
     </span>
     <span class='ocr_line' id='line_1_25' title="bbox 347 3038 1938 3123; baseline 0 -23"><span class='ocrx_word' id='word_1_307' title='bbox 347 3044 401 3101; x_wconf 77' lang='grc' dir='ltr'><strong><em>καὶ</em></strong></span> <span class='ocrx_word' id='word_1_308' title='bbox 424 3041 590 3101; x_wconf 82' lang='grc' dir='ltr'><strong><em>νουθετεῖν</em></strong></span> <span class='ocrx_word' id='word_1_309' title='bbox 611 3039 744 3120; x_wconf 75' lang='grc' dir='ltr'><strong><em>ἐγχειρεῖ</em></strong></span> <span class='ocrx_word' id='word_1_310' title='bbox 764 3038 817 3101; x_wconf 81' lang='grc' dir='ltr'><strong><em>διδ</em></strong></span> <span class='ocrx_word' id='word_1_311' title='bbox 842 3041 1040 3121; x_wconf 88' lang='grc' dir='ltr'><strong><em>γραμμάτων</em></strong></span> <span class='ocrx_word' id='word_1_312' title='bbox 1061 3045 1115 3103; x_wconf 81' lang='grc' dir='ltr'><strong><em>τόν</em></strong></span> <span class='ocrx_word' id='word_1_313' title='bbox 1137 3039 1365 3123; x_wconf 83' lang='grc' dir='ltr'><strong><em>α’νουθέτητον,</em></strong></span> <span class='ocrx_word' id='word_1_314' title='bbox 1395 3042 1494 3105; x_wconf 90' lang='grc' dir='ltr'><strong><em>πλείω</em></strong></span> <span class='ocrx_word' id='word_1_315' title='bbox 1514 3044 1575 3122; x_wconf 78' lang='grc' dir='ltr'><strong><em>μὲν</em></strong></span> <span class='ocrx_word' id='word_1_316' title='bbox 1597 3038 1847 3120; x_wconf 78' lang='grc' dir='ltr'><strong><em>ὑπισχνούμενος</em></strong></span> <span class='ocrx_word' id='word_1_317' title='bbox 1868 3040 1938 3123; x_wconf 86' lang='grc' dir='ltr'><strong><em>(καῖ</em></strong></span> 
     </span>
     <span class='ocr_line' id='line_1_26' title="bbox 346 3140 1938 3228; baseline 0 -23"><span class='ocrx_word' id='word_1_318' title='bbox 346 3147 428 3214; x_wconf 87' lang='grc' dir='ltr'><strong><em>τίνος</em></strong></span> <span class='ocrx_word' id='word_1_319' title='bbox 450 3145 511 3223; x_wconf 83' lang='grc' dir='ltr'><strong><em>γάρ</em></strong></span> <span class='ocrx_word' id='word_1_320' title='bbox 533 3145 575 3204; x_wconf 79' lang='grc' dir='ltr'><strong><em>ἄν</em></strong></span> <span class='ocrx_word' id='word_1_321' title='bbox 597 3140 677 3221; x_wconf 80' lang='grc' dir='ltr'><strong><em>ύπὲρ</em></strong></span> <span class='ocrx_word' id='word_1_322' title='bbox 699 3142 823 3225; x_wconf 78' lang='grc' dir='ltr'><strong><em>εἰρήνης</em></strong></span> <span class='ocrx_word' id='word_1_323' title='bbox 844 3143 1043 3228; x_wconf 78' lang='grc' dir='ltr'><strong><em>έφείσατος),</em></strong></span> <span class='ocrx_word' id='word_1_324' title='bbox 1073 3147 1136 3225; x_wconf 83' lang='grc' dir='ltr'><strong><em>πρό</em></strong></span> <span class='ocrx_word' id='word_1_325' title='bbox 1167 3143 1202 3206; x_wconf 73' lang='grc' dir='ltr'><strong><em>δὲ</em></strong></span> <span class='ocrx_word' id='word_1_326' title='bbox 1233 3143 1364 3207; x_wconf 88' lang='grc' dir='ltr'><strong><em>πάντων</em></strong></span> <span class='ocrx_word' id='word_1_327' title='bbox 1392 3149 1456 3208; x_wconf 89' lang='grc' dir='ltr'><strong><em>τῶν</em></strong></span> <span class='ocrx_word' id='word_1_328' title='bbox 1477 3144 1586 3207; x_wconf 82' lang='grc' dir='ltr'><strong><em>ἄλλων</em></strong></span> <span class='ocrx_word' id='word_1_329' title='bbox 1609 3143 1784 3227; x_wconf 82' lang='grc' dir='ltr'><strong><em>α’μνηστίαν</em></strong></span> <span class='ocrx_word' id='word_1_330' title='bbox 1805 3143 1938 3206; x_wconf 87' lang='grc' dir='ltr'><strong><em>πάντων</em></strong></span> 
     </span>
     <span class='ocr_line' id='line_1_27' title="bbox 345 3245 1938 3331; baseline 0.001 -23"><span class='ocrx_word' id='word_1_331' title='bbox 345 3257 410 3319; x_wconf 83' lang='grc' dir='ltr'><strong><em>τοῖς</em></strong></span> <span class='ocrx_word' id='word_1_332' title='bbox 432 3249 530 3323; x_wconf 87' lang='grc' dir='ltr'><strong><em>πάσι,</em></strong></span> <span class='ocrx_word' id='word_1_333' title='bbox 565 3246 667 3324; x_wconf 90' lang='grc' dir='ltr'><strong><em>μόνον</em></strong></span> <span class='ocrx_word' id='word_1_334' title='bbox 696 3247 724 3307; x_wconf 82' lang='grc' dir='ltr'><strong><em>ελ</em></strong></span> <span class='ocrx_word' id='word_1_335' title='bbox 755 3247 1015 3330; x_wconf 69' lang='grc' dir='ltr'><strong><em>σωφρονήσαντες</em></strong></span> <span class='ocrx_word' id='word_1_336' title='bbox 1041 3247 1173 3321; x_wconf 79' lang='grc' dir='ltr'><strong><em>ἑαυτούς</em></strong></span> <span class='ocrx_word' id='word_1_337' title='bbox 1202 3247 1376 3325; x_wconf 84' lang='grc' dir='ltr'><strong><em>έπιγνοῖεν·</em></strong></span> <span class='ocrx_word' id='word_1_338' title='bbox 1409 3249 1461 3331; x_wconf 69' lang='grc' dir='ltr'><strong><em>ἐφ’</em></strong></span> <span class='ocrx_word' id='word_1_339' title='bbox 1485 3245 1531 3320; x_wconf 87' lang='grc' dir='ltr'><strong><em>οίς</em></strong></span> <span class='ocrx_word' id='word_1_340' title='bbox 1561 3246 1669 3320; x_wconf 85' lang='grc' dir='ltr'><strong><em>διδούς</em></strong></span> <span class='ocrx_word' id='word_1_341' title='bbox 1698 3252 1736 3310; x_wconf 83' lang='grc' dir='ltr'><strong><em>τά</em></strong></span> <span class='ocrx_word' id='word_1_342' title='bbox 1766 3249 1859 3311; x_wconf 83' lang='grc' dir='ltr'><strong><em>πιστά</em></strong></span> <span class='ocrx_word' id='word_1_343' title='bbox 1883 3251 1938 3310; x_wconf 85' lang='grc' dir='ltr'><strong><em>καῖ</em></strong></span> 
     </span>
     <span class='ocr_line' id='line_1_28' title="bbox 347 3348 1937 3433; baseline 0.003 -21"><span class='ocrx_word' id='word_1_344' title='bbox 347 3350 458 3425; x_wconf 83' lang='grc' dir='ltr'><strong><em>δεξιάν</em></strong></span> <span class='ocrx_word' id='word_1_345' title='bbox 480 3352 661 3433; x_wconf 70' lang='grc' dir='ltr'><strong><em>προμείνων</em></strong></span> <span class='ocrx_word' id='word_1_346' title='bbox 684 3348 740 3413; x_wconf 82' lang='grc' dir='ltr'><strong><em>οῦκ</em></strong></span> <span class='ocrx_word' id='word_1_347' title='bbox 762 3351 898 3412; x_wconf 84' lang='grc' dir='ltr'><strong><em>ἔπεισεν·</em></strong></span> <span class='ocrx_word' id='word_1_348' title='bbox 922 3350 993 3412; x_wconf 72' lang='grc' dir='ltr'><strong><em>ἀλλ’</em></strong></span> <span class='ocrx_word' id='word_1_349' title='bbox 1008 3349 1219 3432; x_wconf 86' lang='grc' dir='ltr'><strong><em>ῦπεροεττικάς</em></strong></span> <span class='ocrx_word' id='word_1_350' title='bbox 1234 3351 1251 3412; x_wconf 88' lang='grc' dir='ltr'><strong><em>δ</em></strong></span> <span class='ocrx_word' id='word_1_351' title='bbox 1265 3349 1424 3429; x_wconf 88' lang='grc' dir='ltr'><strong><em>γεννάδας</em></strong></span> <span class='ocrx_word' id='word_1_352' title='bbox 1440 3350 1586 3424; x_wconf 85' lang='grc' dir='ltr'><strong><em>δεδωκῶς</em></strong></span> <span class='ocrx_word' id='word_1_353' title='bbox 1599 3349 1790 3433; x_wconf 82' lang='grc' dir='ltr'><strong><em>α’ποκρίσεις,</em></strong></span> <span class='ocrx_word' id='word_1_354' title='bbox 1857 3352 1937 3417; x_wconf 76' lang='lat'><strong>262²</strong></span> 
     </span>
     <span class='ocr_line' id='line_1_29' title="bbox 346 3452 1938 3538; baseline 0 -22"><span class='ocrx_word' id='word_1_355' title='bbox 346 3455 391 3516; x_wconf 82' lang='grc' dir='ltr'><strong><em>ότι</em></strong></span> <span class='ocrx_word' id='word_1_356' title='bbox 412 3452 538 3532; x_wconf 87' lang='grc' dir='ltr'><strong><em>μᾶλλον</em></strong></span> <span class='ocrx_word' id='word_1_357' title='bbox 559 3454 711 3515; x_wconf 75' lang='grc' dir='ltr'><strong><em>κατέπινε</em></strong></span> <span class='ocrx_word' id='word_1_358' title='bbox 732 3454 788 3535; x_wconf 84' lang='grc' dir='ltr'><strong><em>τήν</em></strong></span> <span class='ocrx_word' id='word_1_359' title='bbox 809 3454 889 3534; x_wconf 81' lang='grc' dir='ltr'><strong><em>πρὸς</em></strong></span> <span class='ocrx_word' id='word_1_360' title='bbox 910 3456 947 3514; x_wconf 82' lang='grc' dir='ltr'><strong><em>τά</em></strong></span> <span class='ocrx_word' id='word_1_361' title='bbox 971 3452 1043 3536; x_wconf 90' lang='grc' dir='ltr'><strong><em>τήδε</em></strong></span> <span class='ocrx_word' id='word_1_362' title='bbox 1065 3457 1209 3536; x_wconf 90' lang='grc' dir='ltr'><strong><em>πορείαν,</em></strong></span> <span class='ocrx_word' id='word_1_363' title='bbox 1240 3459 1294 3516; x_wconf 73' lang='grc' dir='ltr'><strong><em>καὶ</em></strong></span> <span class='ocrx_word' id='word_1_364' title='bbox 1323 3452 1470 3530; x_wconf 79' lang='grc' dir='ltr'><strong><em>δάγων*</em></strong></span> <span class='ocrx_word' id='word_1_365' title='bbox 1493 3453 1546 3537; x_wconf 87' lang='grc' dir='ltr'><strong><em>ήγε</em></strong></span> <span class='ocrx_word' id='word_1_366' title='bbox 1578 3457 1632 3517; x_wconf 89' lang='grc' dir='ltr'><strong><em>τδν</em></strong></span> <span class='ocrx_word' id='word_1_367' title='bbox 1660 3454 1850 3538; x_wconf 87' lang='grc' dir='ltr'><strong><em>άποστάτην,</em></strong></span> <span class='ocrx_word' id='word_1_368' title='bbox 1883 3460 1938 3516; x_wconf 80' lang='grc' dir='ltr'><strong><em>καῖ</em></strong></span> 
     </span>
     <span class='ocr_line' id='line_1_30' title="bbox 346 3555 1937 3641; baseline 0.002 -24"><span class='ocrx_word' id='word_1_369' title='bbox 346 3561 390 3641; x_wconf 73' lang='grc' dir='ltr'><strong><em>τῷ</em></strong></span> <span class='ocrx_word' id='word_1_370' title='bbox 411 3555 538 3633; x_wconf 85' lang='grc' dir='ltr'><strong><em>βασιλεῖ</em></strong></span> <span class='ocrx_word' id='word_1_371' title='bbox 558 3557 698 3635; x_wconf 87' lang='grc' dir='ltr'><strong><em>πάμπαν</em></strong></span> <span class='ocrx_word' id='word_1_372' title='bbox 721 3555 886 3637; x_wconf 83' lang='grc' dir='ltr'><strong><em>ἄπρακτον</em></strong></span> <span class='ocrx_word' id='word_1_373' title='bbox 908 3556 1069 3620; x_wconf 87' lang='grc' dir='ltr'><strong><em>διαπίπτει</em></strong></span> <span class='ocrx_word' id='word_1_374' title='bbox 1091 3561 1179 3621; x_wconf 88' lang='grc' dir='ltr'><strong><em>τοῦτο</em></strong></span> <span class='ocrx_word' id='word_1_375' title='bbox 1207 3559 1240 3619; x_wconf 91' lang='grc' dir='ltr'><strong><em>τδ</em></strong></span> <span class='ocrx_word' id='word_1_376' title='bbox 1270 3556 1442 3638; x_wconf 88' lang='grc' dir='ltr'><strong><em>βούλευμα.</em></strong></span> <span class='ocrx_word' id='word_1_377' title='bbox 1532 3558 1558 3594; x_wconf 74' lang='lat'><strong><em>²⁹</em></strong></span> <span class='ocrx_word' id='word_1_378' title='bbox 1571 3557 1603 3619; x_wconf 88' lang='grc' dir='ltr'><strong><em>τδ</em></strong></span> <span class='ocrx_word' id='word_1_379' title='bbox 1627 3561 1732 3638; x_wconf 77' lang='grc' dir='ltr'><strong><em>ἕτερον</em></strong></span> <span class='ocrx_word' id='word_1_380' title='bbox 1752 3561 1860 3637; x_wconf 87' lang='grc' dir='ltr'><strong><em>μέντοι</em></strong></span> <span class='ocrx_word' id='word_1_381' title='bbox 1882 3562 1937 3620; x_wconf 83' lang='grc' dir='ltr'><strong><em>καῖ</em></strong></span> 
     </span>
     <span class='ocr_line' id='line_1_31' title="bbox 347 3656 1937 3743; baseline 0.002 -23"><span class='ocrx_word' id='word_1_382' title='bbox 347 3658 422 3720; x_wconf 90' lang='grc' dir='ltr'><strong><em>λίαν</em></strong></span> <span class='ocrx_word' id='word_1_383' title='bbox 448 3658 579 3740; x_wconf 81' lang='grc' dir='ltr'><strong><em>ένεργδν</em></strong></span> <span class='ocrx_word' id='word_1_384' title='bbox 609 3664 663 3719; x_wconf 75' lang='grc' dir='ltr'><strong><em>καὶ</em></strong></span> <span class='ocrx_word' id='word_1_385' title='bbox 693 3656 848 3738; x_wconf 87' lang='grc' dir='ltr'><strong><em>α’νόσιμον</em></strong></span> <span class='ocrx_word' id='word_1_386' title='bbox 878 3664 932 3721; x_wconf 82' lang='grc' dir='ltr'><strong><em>καῖ</em></strong></span> <span class='ocrx_word' id='word_1_387' title='bbox 961 3657 1096 3743; x_wconf 87' lang='grc' dir='ltr'><strong><em>α’ληθῶς</em></strong></span> <span class='ocrx_word' id='word_1_388' title='bbox 1118 3659 1271 3742; x_wconf 91' lang='grc' dir='ltr'><strong><em>σωτήριον</em></strong></span> <span class='ocrx_word' id='word_1_389' title='bbox 1290 3664 1425 3737; x_wconf 88' lang='grc' dir='ltr'><strong><em>γίνεται·</em></strong></span> <span class='ocrx_word' id='word_1_390' title='bbox 1461 3659 1554 3743; x_wconf 79' lang='grc' dir='ltr'><strong><em>α’φεὶς</em></strong></span> <span class='ocrx_word' id='word_1_391' title='bbox 1575 3658 1676 3721; x_wconf 85' lang='grc' dir='ltr'><strong><em>τᾶλλα</em></strong></span> <span class='ocrx_word' id='word_1_392' title='bbox 1701 3659 1825 3736; x_wconf 83' lang='grc' dir='ltr'><strong><em>πάντα,</em></strong></span> <span class='ocrx_word' id='word_1_393' title='bbox 1856 3662 1937 3741; x_wconf 91' lang='grc' dir='ltr'><strong><em>πρδς</em></strong></span> 
     </span>
     <span class='ocr_line' id='line_1_32' title="bbox 347 3759 1938 3846; baseline 0.002 -24"><span class='ocrx_word' id='word_1_394' title='bbox 347 3762 430 3823; x_wconf 85' lang='grc' dir='ltr'><strong><em>θεόν</em></strong></span> <span class='ocrx_word' id='word_1_395' title='bbox 451 3759 653 3842; x_wconf 87' lang='grc' dir='ltr'><strong><em>καταφεύγει,</em></strong></span> <span class='ocrx_word' id='word_1_396' title='bbox 685 3767 737 3821; x_wconf 81' lang='grc' dir='ltr'><strong><em>καὶ</em></strong></span> <span class='ocrx_word' id='word_1_397' title='bbox 767 3762 822 3823; x_wconf 86' lang='grc' dir='ltr'><strong><em>τόν</em></strong></span> <span class='ocrx_word' id='word_1_398' title='bbox 851 3764 1003 3845; x_wconf 83' lang='grc' dir='ltr'><strong><em>κραταιόν</em></strong></span> <span class='ocrx_word' id='word_1_399' title='bbox 1033 3763 1154 3826; x_wconf 77' lang='grc' dir='ltr'><strong><em>ἐκείνου</em></strong></span> <span class='ocrx_word' id='word_1_400' title='bbox 1181 3765 1337 3843; x_wconf 78' lang='grc' dir='ltr'><strong><em>βραχίονα</em></strong></span> <span class='ocrx_word' id='word_1_401' title='bbox 1367 3768 1420 3824; x_wconf 81' lang='grc' dir='ltr'><strong><em>καῖ</em></strong></span> <span class='ocrx_word' id='word_1_402' title='bbox 1451 3767 1505 3846; x_wconf 86' lang='grc' dir='ltr'><strong><em>τήν</em></strong></span> <span class='ocrx_word' id='word_1_403' title='bbox 1526 3772 1616 3843; x_wconf 88' lang='grc' dir='ltr'><strong><em>χεῖρα</em></strong></span> <span class='ocrx_word' id='word_1_404' title='bbox 1638 3765 1693 3845; x_wconf 79' lang='grc' dir='ltr'><strong><em>τήν</em></strong></span> <span class='ocrx_word' id='word_1_405' title='bbox 1716 3762 1860 3845; x_wconf 82' lang='grc' dir='ltr'><strong><em>ῦψηλήν*</em></strong></span> <span class='ocrx_word' id='word_1_406' title='bbox 1883 3765 1938 3825; x_wconf 76' lang='grc' dir='ltr'><strong><em>ἐπὶ</em></strong></span> 
     </span>
     <span class='ocr_line' id='line_1_33' title="bbox 347 3863 1937 3956; baseline 0.001 -30"><span class='ocrx_word' id='word_1_407' title='bbox 347 3867 530 3946; x_wconf 87' lang='grc' dir='ltr'><strong><em>συμμαχίαν</em></strong></span> <span class='ocrx_word' id='word_1_408' title='bbox 552 3863 737 3945; x_wconf 86' lang='grc' dir='ltr'><strong><em>παρακαλεῖ</em></strong></span> <span class='ocrx_word' id='word_1_409' title='bbox 756 3870 810 3927; x_wconf 76' lang='grc' dir='ltr'><strong><em>καὶ</em></strong></span> <span class='ocrx_word' id='word_1_410' title='bbox 830 3870 965 3950; x_wconf 76' lang='grc' dir='ltr'><strong><em>βοηθεῖν</em></strong></span> <span class='ocrx_word' id='word_1_411' title='bbox 988 3866 1113 3931; x_wconf 73' lang='grc' dir='ltr'><strong><em>ἱκετεύει</em></strong></span> <span class='ocrx_word' id='word_1_412' title='bbox 1135 3870 1171 3954; x_wconf 83' lang='grc' dir='ltr'><strong><em>τῇ</em></strong></span> <span class='ocrx_word' id='word_1_413' title='bbox 1195 3865 1300 3950; x_wconf 85' lang='grc' dir='ltr'><strong><em>ψήφῳ</em></strong></span> <span class='ocrx_word' id='word_1_414' title='bbox 1321 3871 1358 3956; x_wconf 74' lang='grc' dir='ltr'><strong><em>τῇ</em></strong></span> <span class='ocrx_word' id='word_1_415' title='bbox 1379 3865 1502 3941; x_wconf 80' lang='grc' dir='ltr'><strong><em>ἑαυτοῦ,</em></strong></span> <span class='ocrx_word' id='word_1_416' title='bbox 1533 3869 1588 3927; x_wconf 76' lang='grc' dir='ltr'><strong><em>καὶ</em></strong></span> <span class='ocrx_word' id='word_1_417' title='bbox 1608 3866 1648 3927; x_wconf 82' lang='grc' dir='ltr'><strong><em>δν</em></strong></span> <span class='ocrx_word' id='word_1_418' title='bbox 1668 3865 1785 3939; x_wconf 72' lang='grc' dir='ltr'><strong><em>ἐκεῖνος</em></strong></span> <span class='ocrx_word' id='word_1_419' title='bbox 1807 3865 1853 3939; x_wconf 77' lang='grc' dir='ltr'><strong><em>είς</em></strong></span> <span class='ocrx_word' id='word_1_420' title='bbox 1875 3866 1937 3947; x_wconf 83' lang='grc' dir='ltr'><strong><em>δρ-</em></strong></span> 
     </span>
     <span class='ocr_line' id='line_1_34' title="bbox 347 3966 1935 4051; baseline 0.001 -21"><span class='ocrx_word' id='word_1_421' title='bbox 347 3989 444 4047; x_wconf 89' lang='grc' dir='ltr'><strong><em>χοντα</em></strong></span> <span class='ocrx_word' id='word_1_422' title='bbox 466 3971 520 4031; x_wconf 90' lang='grc' dir='ltr'><strong><em>τοῦ</em></strong></span> <span class='ocrx_word' id='word_1_423' title='bbox 542 3966 625 4031; x_wconf 86' lang='grc' dir='ltr'><strong><em>λδίου</em></strong></span> <span class='ocrx_word' id='word_1_424' title='bbox 648 3967 729 4032; x_wconf 87' lang='grc' dir='ltr'><strong><em>λαοῦ</em></strong></span> <span class='ocrx_word' id='word_1_425' title='bbox 752 3967 797 4042; x_wconf 91' lang='grc' dir='ltr'><strong><em>οίς</em></strong></span> <span class='ocrx_word' id='word_1_426' title='bbox 820 3967 912 4044; x_wconf 84' lang='grc' dir='ltr'><strong><em>αι’τδς</em></strong></span> <span class='ocrx_word' id='word_1_427' title='bbox 935 3969 1022 4032; x_wconf 77' lang='grc' dir='ltr'><strong><em>ολδεν</em></strong></span> <span class='ocrx_word' id='word_1_428' title='bbox 1043 3969 1207 4044; x_wconf 71' lang='grc' dir='ltr'><strong><em>ἐξελέξατο</em></strong></span> <span class='ocrx_word' id='word_1_429' title='bbox 1230 3972 1368 4051; x_wconf 85' lang='grc' dir='ltr'><strong><em>κρίμασι,</em></strong></span> <span class='ocrx_word' id='word_1_430' title='bbox 1397 3975 1506 4034; x_wconf 82' lang='grc' dir='ltr'><strong><em>τοῦτον</em></strong></span> <span class='ocrx_word' id='word_1_431' title='bbox 1527 3973 1585 4032; x_wconf 91' lang='grc' dir='ltr'><strong><em>νῦν</em></strong></span> <span class='ocrx_word' id='word_1_432' title='bbox 1606 3971 1660 4031; x_wconf 89' lang='grc' dir='ltr'><strong><em>τοῦ</em></strong></span> <span class='ocrx_word' id='word_1_433' title='bbox 1685 3968 1835 4033; x_wconf 89' lang='grc' dir='ltr'><strong><em>κινδύνου</em></strong></span> <span class='ocrx_word' id='word_1_434' title='bbox 1857 3993 1935 4050; x_wconf 88' lang='grc' dir='ltr'><strong><em>μετα</em></strong></span> 
     </span>
     <span class='ocr_line' id='line_1_35' title="bbox 347 4069 846 4154; baseline 0.002 -21"><span class='ocrx_word' id='word_1_435' title='bbox 347 4074 401 4136; x_wconf 85' lang='grc' dir='ltr'><strong><em>τοῦ</em></strong></span> <span class='ocrx_word' id='word_1_436' title='bbox 422 4069 504 4133; x_wconf 87' lang='grc' dir='ltr'><strong><em>λαοῦ</em></strong></span> <span class='ocrx_word' id='word_1_437' title='bbox 527 4073 647 4145; x_wconf 89' lang='grc' dir='ltr'><strong><em>παντδς</em></strong></span> <span class='ocrx_word' id='word_1_438' title='bbox 667 4071 846 4154; x_wconf 71' lang='grc' dir='ltr'><strong><em>ῥύσασθαι.</em></strong></span> 
     </span>
    </p>

    <p class='ocr_par' dir='ltr' id='par_1_4' title="bbox 347 4173 1938 4775">
     <span class='ocr_line' id='line_1_36' title="bbox 437 4173 1937 4258; baseline 0.004 -23"><span class='ocrx_word' id='word_1_439' title='bbox 437 4173 573 4238; x_wconf 69' lang='grc' dir='ltr'><strong><em>80ταῦτά</em></strong></span> <span class='ocrx_word' id='word_1_440' title='bbox 594 4197 625 4236; x_wconf 90' lang='grc' dir='ltr'><strong><em>τε</em></strong></span> <span class='ocrx_word' id='word_1_441' title='bbox 648 4175 751 4249; x_wconf 77' lang='grc' dir='ltr'><strong><em>ἔλεγε,</em></strong></span> <span class='ocrx_word' id='word_1_442' title='bbox 784 4180 838 4238; x_wconf 80' lang='grc' dir='ltr'><strong><em>καῖ</em></strong></span> <span class='ocrx_word' id='word_1_443' title='bbox 867 4173 960 4250; x_wconf 86' lang='grc' dir='ltr'><strong><em>αύτός</em></strong></span> <span class='ocrx_word' id='word_1_444' title='bbox 989 4198 1021 4239; x_wconf 84' lang='grc' dir='ltr'><strong><em>τε</em></strong></span> <span class='ocrx_word' id='word_1_445' title='bbox 1050 4176 1154 4240; x_wconf 84' lang='grc' dir='ltr'><strong><em>πολλά</em></strong></span> <span class='ocrx_word' id='word_1_446' title='bbox 1184 4179 1266 4258; x_wconf 84' lang='grc' dir='ltr'><strong><em>πρὸς</em></strong></span> <span class='ocrx_word' id='word_1_447' title='bbox 1296 4175 1433 4257; x_wconf 72' lang='grc' dir='ltr'><strong><em>λλασμδν</em></strong></span> <span class='ocrx_word' id='word_1_448' title='bbox 1458 4176 1559 4239; x_wconf 76' lang='grc' dir='ltr'><strong><em>ἐποίει</em></strong></span> <span class='ocrx_word' id='word_1_449' title='bbox 1580 4180 1635 4240; x_wconf 87' lang='grc' dir='ltr'><strong><em>τοῦ</em></strong></span> <span class='ocrx_word' id='word_1_450' title='bbox 1658 4177 1769 4250; x_wconf 90' lang='grc' dir='ltr'><strong><em>θείου,</em></strong></span> <span class='ocrx_word' id='word_1_451' title='bbox 1806 4178 1860 4238; x_wconf 85' lang='grc' dir='ltr'><strong><em>καῖ</em></strong></span> <span class='ocrx_word' id='word_1_452' title='bbox 1881 4179 1937 4240; x_wconf 84' lang='grc' dir='ltr'><strong><em>τδν</em></strong></span> 
     </span>
     <span class='ocr_line' id='line_1_37' title="bbox 347 4275 1935 4361; baseline 0.002 -21"><span class='ocrx_word' id='word_1_453' title='bbox 347 4275 435 4361; x_wconf 73' lang='grc' dir='ltr'><strong><em>ἱερέα</em></strong></span> <span class='ocrx_word' id='word_1_454' title='bbox 457 4281 511 4360; x_wconf 83' lang='grc' dir='ltr'><strong><em>τής</em></strong></span> <span class='ocrx_word' id='word_1_455' title='bbox 532 4277 656 4350; x_wconf 91' lang='grc' dir='ltr'><strong><em>πόλεως</em></strong></span> <span class='ocrx_word' id='word_1_456' title='bbox 677 4277 723 4350; x_wconf 86' lang='grc' dir='ltr'><strong><em>είς</em></strong></span> <span class='ocrx_word' id='word_1_457' title='bbox 743 4281 831 4342; x_wconf 89' lang='grc' dir='ltr'><strong><em>τούτο</em></strong></span> <span class='ocrx_word' id='word_1_458' title='bbox 853 4278 1025 4361; x_wconf 86' lang='grc' dir='ltr'><strong><em>παριόρμα.</em></strong></span> <span class='ocrx_word' id='word_1_459' title='bbox 1047 4277 1066 4342; x_wconf 87' lang='grc' dir='ltr'><strong><em>δ</em></strong></span> <span class='ocrx_word' id='word_1_460' title='bbox 1088 4279 1142 4354; x_wconf 87' lang='grc' dir='ltr'><strong><em>δέ,</em></strong></span> <span class='ocrx_word' id='word_1_461' title='bbox 1165 4285 1222 4341; x_wconf 84' lang='grc' dir='ltr'><strong><em>καῖ</em></strong></span> <span class='ocrx_word' id='word_1_462' title='bbox 1240 4279 1348 4354; x_wconf 81' lang='grc' dir='ltr'><strong><em>άλλως</em></strong></span> <span class='ocrx_word' id='word_1_463' title='bbox 1373 4281 1411 4342; x_wconf 83' lang='grc' dir='ltr'><strong><em>τά</em></strong></span> <span class='ocrx_word' id='word_1_464' title='bbox 1439 4281 1569 4341; x_wconf 88' lang='grc' dir='ltr'><strong><em>τοιαῦτα</em></strong></span> <span class='ocrx_word' id='word_1_465' title='bbox 1591 4277 1849 4360; x_wconf 74' lang='grc' dir='ltr'><strong><em>φιλοπονώτατος</em></strong></span> <span class='ocrx_word' id='word_1_466' title='bbox 1877 4281 1935 4356; x_wconf 76' lang='grc' dir='ltr'><strong><em>δν,</em></strong></span> 
     </span>
     <span class='ocr_line' id='line_1_38' title="bbox 348 4378 1937 4465; baseline 0.004 -21"><span class='ocrx_word' id='word_1_467' title='bbox 348 4380 417 4444; x_wconf 89' lang='grc' dir='ltr'><strong><em>τότε</em></strong></span> <span class='ocrx_word' id='word_1_468' title='bbox 437 4379 564 4462; x_wconf 80' lang='grc' dir='ltr'><strong><em>μᾶλλον</em></strong></span> <span class='ocrx_word' id='word_1_469' title='bbox 585 4378 731 4462; x_wconf 84' lang='grc' dir='ltr'><strong><em>έπήγειρε</em></strong></span> <span class='ocrx_word' id='word_1_470' title='bbox 753 4383 786 4442; x_wconf 88' lang='grc' dir='ltr'><strong><em>τδ</em></strong></span> <span class='ocrx_word' id='word_1_471' title='bbox 810 4383 935 4463; x_wconf 87' lang='grc' dir='ltr'><strong><em>θερμδν</em></strong></span> <span class='ocrx_word' id='word_1_472' title='bbox 957 4384 1012 4444; x_wconf 88' lang='grc' dir='ltr'><strong><em>καῖ</em></strong></span> <span class='ocrx_word' id='word_1_473' title='bbox 1032 4385 1066 4446; x_wconf 85' lang='grc' dir='ltr'><strong><em>τδ</em></strong></span> <span class='ocrx_word' id='word_1_474' title='bbox 1089 4385 1275 4464; x_wconf 88' lang='grc' dir='ltr'><strong><em>πρόθυμον,</em></strong></span> <span class='ocrx_word' id='word_1_475' title='bbox 1303 4383 1366 4448; x_wconf 82' lang='grc' dir='ltr'><strong><em>ῦπδ</em></strong></span> <span class='ocrx_word' id='word_1_476' title='bbox 1387 4383 1442 4445; x_wconf 87' lang='grc' dir='ltr'><strong><em>τοῦ</em></strong></span> <span class='ocrx_word' id='word_1_477' title='bbox 1464 4381 1578 4461; x_wconf 88' lang='grc' dir='ltr'><strong><em>καιροῦ</em></strong></span> <span class='ocrx_word' id='word_1_478' title='bbox 1599 4386 1729 4448; x_wconf 74' lang='grc' dir='ltr'><strong><em>καὶτοῦ</em></strong></span> <span class='ocrx_word' id='word_1_479' title='bbox 1750 4385 1937 4465; x_wconf 81' lang='grc' dir='ltr'><strong><em>πράγματος</em></strong></span> 
     </span>
     <span class='ocr_line' id='line_1_39' title="bbox 348 4480 1938 4571; baseline 0.002 -25"><span class='ocrx_word' id='word_1_480' title='bbox 348 4484 532 4562; x_wconf 83' lang='grc' dir='ltr'><strong><em>α’ναγκαίοις</em></strong></span> <span class='ocrx_word' id='word_1_481' title='bbox 553 4486 829 4566; x_wconf 89' lang='grc' dir='ltr'><strong><em>παραθηγόμενος.</em></strong></span> <span class='ocrx_word' id='word_1_482' title='bbox 851 4486 906 4545; x_wconf 81' lang='grc' dir='ltr'><strong><em>καί</em></strong></span> <span class='ocrx_word' id='word_1_483' title='bbox 927 4482 966 4566; x_wconf 83' lang='grc' dir='ltr'><strong><em>δή</em></strong></span> <span class='ocrx_word' id='word_1_484' title='bbox 989 4483 1023 4547; x_wconf 82' lang='grc' dir='ltr'><strong><em>τό</em></strong></span> <span class='ocrx_word' id='word_1_485' title='bbox 1041 4489 1110 4549; x_wconf 82' lang='grc' dir='ltr'><strong><em>πᾶν</em></strong></span> <span class='ocrx_word' id='word_1_486' title='bbox 1125 4484 1284 4569; x_wconf 88' lang='grc' dir='ltr'><strong><em>πλήρωμα</em></strong></span> <span class='ocrx_word' id='word_1_487' title='bbox 1297 4491 1349 4571; x_wconf 85' lang='grc' dir='ltr'><strong><em>τής</em></strong></span> <span class='ocrx_word' id='word_1_488' title='bbox 1360 4483 1526 4567; x_wconf 70' lang='grc' dir='ltr'><strong><em>ἐκκλησίας</em></strong></span> <span class='ocrx_word' id='word_1_489' title='bbox 1540 4480 1711 4565; x_wconf 88' lang='grc' dir='ltr'><strong><em>άθροίσας,</em></strong></span> <span class='ocrx_word' id='word_1_490' title='bbox 1735 4485 1938 4570; x_wconf 72' lang='grc' dir='ltr'><strong><em>παραλαβεῖν</em></strong></span> 
     </span>
     <span class='ocr_line' id='line_1_40' title="bbox 349 4582 1937 4676; baseline 0.004 -26"><span class='ocrx_word' id='word_1_491' title='bbox 349 4589 386 4650; x_wconf 76' lang='grc' dir='ltr'><strong><em>δὲ</em></strong></span> <span class='ocrx_word' id='word_1_492' title='bbox 408 4592 461 4650; x_wconf 81' lang='grc' dir='ltr'><strong><em>καῖ</em></strong></span> <span class='ocrx_word' id='word_1_493' title='bbox 483 4587 560 4650; x_wconf 89' lang='grc' dir='ltr'><strong><em>όσον</em></strong></span> <span class='ocrx_word' id='word_1_494' title='bbox 583 4585 619 4648; x_wconf 73' lang='grc' dir='ltr'><strong><em>ἐκ</em></strong></span> <span class='ocrx_word' id='word_1_495' title='bbox 640 4588 693 4668; x_wconf 86' lang='grc' dir='ltr'><strong><em>τής</em></strong></span> <span class='ocrx_word' id='word_1_496' title='bbox 713 4582 885 4669; x_wconf 76' lang='grc' dir='ltr'><strong><em>ὑπερορίας</em></strong></span> <span class='ocrx_word' id='word_1_497' title='bbox 906 4583 945 4670; x_wconf 86' lang='grc' dir='ltr'><strong><em>ήν</em></strong></span> <span class='ocrx_word' id='word_1_498' title='bbox 965 4587 1124 4672; x_wconf 81' lang='grc' dir='ltr'><strong><em>ένδημοῦν</em></strong></span> <span class='ocrx_word' id='word_1_499' title='bbox 1147 4589 1152 4676; x_wconf 88' lang='grc' dir='ltr'>Ι</span> <span class='ocrx_word' id='word_1_500' title='bbox 1175 4588 1212 4653; x_wconf 76' lang='grc' dir='ltr'><strong><em>ἔν</em></strong></span> <span class='ocrx_word' id='word_1_501' title='bbox 1233 4587 1420 4661; x_wconf 77' lang='grc' dir='ltr'><strong><em>ἐπισκόποις</em></strong></span> <span class='ocrx_word' id='word_1_502' title='bbox 1441 4589 1461 4671; x_wconf 85' lang='grc' dir='ltr'><strong><em>ή</em></strong></span> <span class='ocrx_word' id='word_1_503' title='bbox 1487 4598 1661 4670; x_wconf 87' lang='grc' dir='ltr'><strong><em>μονασταῖς</em></strong></span> <span class='ocrx_word' id='word_1_504' title='bbox 1689 4592 1710 4672; x_wconf 83' lang='grc' dir='ltr'><strong><em>ή</em></strong></span> <span class='ocrx_word' id='word_1_505' title='bbox 1737 4594 1792 4651; x_wconf 81' lang='grc' dir='ltr'><strong><em>καῖ</em></strong></span> <span class='ocrx_word' id='word_1_506' title='bbox 1855 4590 1937 4657; x_wconf 82' lang='lat'><strong>263¹</strong></span> 
     </span>
     <span class='ocr_line' id='line_1_41' title="bbox 348 4686 1936 4775; baseline 0.003 -22"><span class='ocrx_word' id='word_1_507' title='bbox 348 4691 455 4766; x_wconf 86' lang='grc' dir='ltr'><strong><em>άλλως</em></strong></span> <span class='ocrx_word' id='word_1_508' title='bbox 484 4691 519 4754; x_wconf 85' lang='grc' dir='ltr'><strong><em>έν</em></strong></span> <span class='ocrx_word' id='word_1_509' title='bbox 542 4690 647 4775; x_wconf 80' lang='grc' dir='ltr'><strong><em>κλήρῳ</em></strong></span> <span class='ocrx_word' id='word_1_510' title='bbox 670 4686 928 4770; x_wconf 82' lang='grc' dir='ltr'><strong><em>κατειλεγμένοις,</em></strong></span> <span class='ocrx_word' id='word_1_511' title='bbox 953 4696 1008 4753; x_wconf 78' lang='grc' dir='ltr'><strong><em>καὶ</em></strong></span> <span class='ocrx_word' id='word_1_512' title='bbox 1028 4694 1084 4775; x_wconf 85' lang='grc' dir='ltr'><strong><em>τήν</em></strong></span> <span class='ocrx_word' id='word_1_513' title='bbox 1106 4688 1197 4775; x_wconf 70' lang='grc' dir='ltr'><strong><em>ἱεράν</em></strong></span> <span class='ocrx_word' id='word_1_514' title='bbox 1217 4692 1312 4766; x_wconf 80' lang='grc' dir='ltr'><strong><em>ένδῦς</em></strong></span> <span class='ocrx_word' id='word_1_515' title='bbox 1335 4689 1505 4765; x_wconf 71' lang='grc' dir='ltr'><strong><em>διπλοΐδα,</em></strong></span> <span class='ocrx_word' id='word_1_516' title='bbox 1538 4695 1661 4775; x_wconf 77' lang='grc' dir='ltr'><strong><em>Μωσῆς</em></strong></span> <span class='ocrx_word' id='word_1_517' title='bbox 1690 4691 1789 4766; x_wconf 83' lang='grc' dir='ltr'><strong><em>ἄλλος</em></strong></span> <span class='ocrx_word' id='word_1_518' title='bbox 1816 4696 1936 4771; x_wconf 77' lang='grc' dir='ltr'><strong><em>γίνεται</em></strong></span> 
     </span>
    </p>

    <p class='ocr_par' dir='ltr' id='par_1_5' title="bbox 422 4811 1771 4884">
     <span class='ocr_line' id='line_1_42' title="bbox 422 4811 1771 4884; baseline 0.002 -20"><span class='ocrx_word' id='word_1_519' title='bbox 422 4817 452 4865; x_wconf 82' lang='lat'><strong><em>26</em></strong></span> <span class='ocrx_word' id='word_1_520' title='bbox 470 4812 564 4867; x_wconf 77' lang='lat' dir='ltr'><strong>Psalm</strong></span> <span class='ocrx_word' id='word_1_521' title='bbox 582 4819 619 4879; x_wconf 83' lang='grc' dir='ltr'><strong><em>πβ</em></strong></span> <span class='ocrx_word' id='word_1_522' title='bbox 640 4831 666 4880; x_wconf 83' lang='lat'><strong><em>15</em></strong></span> <span class='ocrx_word' id='word_1_523' title='bbox 684 4814 689 4879; x_wconf 84' lang='grc' dir='ltr'>Ι</span> <span class='ocrx_word' id='word_1_524' title='bbox 706 4817 735 4865; x_wconf 89' lang='lat'><strong><em>28</em></strong></span> <span class='ocrx_word' id='word_1_525' title='bbox 755 4811 863 4868; x_wconf 81' lang='lat' dir='ltr'>scilicet</span> <span class='ocrx_word' id='word_1_526' title='bbox 882 4813 1020 4869; x_wconf 78' lang='lat' dir='ltr'><strong>Iohannes</strong></span> <span class='ocrx_word' id='word_1_527' title='bbox 1040 4814 1171 4871; x_wconf 75' lang='grc' dir='ltr'><strong><em>Βαίείτειι</em></strong></span> <span class='ocrx_word' id='word_1_528' title='bbox 1189 4816 1324 4872; x_wconf 74' lang='lat' dir='ltr'>Leonem:</span> <span class='ocrx_word' id='word_1_529' title='bbox 1344 4815 1425 4884; x_wconf 80' lang='lat' dir='ltr'><strong>Regu</strong></span> <span class='ocrx_word' id='word_1_530' title='bbox 1443 4813 1463 4865; x_wconf 88' lang='grc' dir='ltr'><strong><em>δ</em></strong></span> <span class='ocrx_word' id='word_1_531' title='bbox 1479 4833 1502 4881; x_wconf 82' lang='lat'><strong><em>9,</em></strong></span> <span class='ocrx_word' id='word_1_532' title='bbox 1522 4832 1553 4866; x_wconf 87' lang='lat'><strong><em>20</em></strong></span> <span class='ocrx_word' id='word_1_533' title='bbox 1567 4815 1572 4880; x_wconf 79' lang='grc' dir='ltr'>Ι</span> <span class='ocrx_word' id='word_1_534' title='bbox 1588 4832 1618 4880; x_wconf 83' lang='lat'><strong><em>29</em></strong></span> <span class='ocrx_word' id='word_1_535' title='bbox 1637 4814 1682 4871; x_wconf 83' lang='grc' dir='ltr'><strong><em>Ιτα</em></strong></span> <span class='ocrx_word' id='word_1_536' title='bbox 1700 4835 1723 4882; x_wconf 83' lang='lat'><strong><em>9,</em></strong></span> <span class='ocrx_word' id='word_1_537' title='bbox 1745 4835 1771 4882; x_wconf 88' lang='lat'><strong><em>17</em></strong></span> 
     </span>
    </p>
   </div>
   <div class='ocr_carea' id='block_1_3' title="bbox 0 0 2284 6164">
    <p class='ocr_par' dir='ltr' id='par_1_6' title="bbox 0 0 2284 6164">
     <span class='ocr_line' id='line_1_43' title="bbox 0 0 2284 6164; baseline 0 0"><span class='ocrx_word' id='word_1_538' title='bbox 0 0 2284 6164; x_wconf 95' lang='lat' dir='ltr'><strong><em> </em></strong></span> 
     </span>
    </p>
   </div>
  </div>
 </body>
</html>
