4560 6172
276 724 314 784 τοὶ
338 724 394 785 νῦν
416 721 445 783 δ’
465 721 607 801 ἐγὼμὲν
627 720 664 783 έν
684 725 780 807 στενῳῗ
801 732 907 802 κεῖμαι
929 721 1025 809 λίθῳ,

277 826 413 908 ἄψυχος,
437 826 570 900 ἄπνους,
592 823 637 898 εἰς
657 826 747 887 κόνιν
768 824 880 899 λυθεὶς
898 826 1010 911 μόνην.

275 928 381 991 έκεϊνα
404 927 432 991 δ’
454 925 492 1011 ἦν
514 928 644 1008 ὄνειρος,
668 927 762 994 οόδέν
782 953 811 992 τι
833 929 942 994 πλέον.

277 1030 348 1094 ἄλλ’
370 1029 388 1097 ό
411 1031 540 1106 πλάσας
560 1055 599 1112 με
620 1042 689 1106 ταῖς
711 1030 880 1112 α’χράντοις
901 1036 988 1116 χερσί
1009 1051 1075 1109 σου,

215 1138 257 1204 10
278 1135 472 1200 α’νάπλασον
494 1135 594 1199 πάλιν
613 1158 653 1218 με
674 1138 729 1199 τὸν
752 1136 934 1218 λελυμένον,

279 1245 333 1302 καί
354 1241 409 1312 δός
430 1241 557 1323 βοηθόν
577 1250 678 1322 χεῖρα,
702 1239 758 1314 δός
778 1263 835 1322 μοι
856 1245 999 1326 κειμένῳ,

279 1350 333 1408 καὶ
355 1346 460 1420 δεῖξον
483 1341 580 1418 αὖθις
602 1347 672 1429 φιός
692 1348 725 1408 τό
749 1345 818 1420 σόν,
841 1345 1038 1429 πλαστουργέ
1058 1368 1129 1428 μου.

192 1557 264 1625 84.
280 1553 403 1616 Ἀλλοι.

240 1662 256 1724 l
281 1659 325 1722 Σδ
345 1655 501 1738 βασιλεύς,
522 1657 643 1741 ὕψιστε,
666 1662 719 1719 καὶ
741 1658 776 1722 σί
798 1655 959 1741 δεσπότης,

282 1763 360 1844 ζωῆς
380 1761 533 1843 ὑπάρχων
555 1765 659 1842 κέριος
681 1766 734 1823 καὶ
757 1762 913 1837 θανάτου,

279 1867 341 1945 έγο)
364 1867 399 1929 δέ
422 1867 542 1950 θνητῆν
563 1866 599 1928 έκ
621 1869 756 1948 φθοράς
777 1866 886 1946 λαβών
907 1866 1011 1948 φύσιν,

278 1969 405 2051 μέλλων
424 1993 456 2032 τε
478 1972 598 2033 θᾶττον
619 1970 664 2044 είς
684 1970 820 2051 φθοράν
840 1967 1056 2052 όποστρέφειν,

237 2077 258 2142 5
278 2074 382 2158 μάτην
402 2073 547 2152 βασιλεὺς
568 2071 778 2157 ω’νομαζόμην
797 2074 873 2153 ἄρα,

281 2181 402 2259 χαίρων
424 2176 557 2256 ὀνείροις
578 2182 631 2238 καὶ
654 2187 757 2249 σκιαῖς
777 2175 971 2251 άσυστάτοις,

281 2283 303 2345 ό
327 2282 407 2364 πρδς
427 2283 541 2363 μικρόν
561 2283 725 2365 τέρψαντα
747 2284 801 2343 καὶ
822 2279 984 2356 παίξαντά
1002 2303 1042 2363 με

281 2385 447 2469 α’πῆλθον,
467 2385 641 2469 έξέπτησαν
662 2383 698 2448 ἓν
718 2387 832 2465 βραχεῖ
848 2387 964 2469 χρόνῳ.

219 2490 261 2556 10
281 2489 352 2570 έμοὶ
374 2488 403 2551 δ
425 2487 557 2571 δφηκαν
576 2488 632 2561 τάς
652 2488 703 2550 έπ’
724 2486 829 2562 αέτοτς
849 2487 990 2562 εὐθύνας

283 2597 337 2656 καὶ
357 2593 426 2665 τοός
447 2591 559 2669 λόγους
581 2592 671 2677 (φεῖ)
692 2593 755 2654 τόν
776 2596 882 2666 κακῶς
902 2594 1149 2675 πεπραγμένων·

284 2698 337 2771 οἷς
357 2699 399 2778 μη
420 2698 567 2785 βαρόνης,
590 2696 759 2780 δημιουργέ
779 2718 851 2778 μου,
874 2694 950 2772 τότε,

283 2800 356 2863 ἄλλ’
379 2800 421 2874 ὥς
443 2802 544 2883 κριτὴς
565 2799 779 2879 εόσπλαγχνος
801 2797 951 2883 ἱλάσθητί
971 2821 1035 2880 μοι.

194 3013 264 3081 85.
280 3007 400 3073 Ἄλλοι.

241 3116 258 3178 1
275 3116 312 3175 Ὠ
334 3118 397 3175 τῶν
417 3114 561 3192 ματαίων
582 3116 637 3174 καὶ
657 3115 756 3173 κενῶν
778 3113 1012 3194 φρονημάτωνί

284 3217 497 3304 ίπρόσκαιρος
519 3217 564 3277 τόν
586 3216 764 3296 ἅνθρωπος
785 3214 946 3296 ἐφρόνουν
967 3218 1058 3297 μέγα,
1213 3217 1272 3284 34¹

284 3325 336 3383 καί
361 3324 416 3403 γῆς
436 3320 555 3401 βραχός
576 3321 649 3398 χοῦς
668 3322 724 3403 γῆς
744 3319 946 3383 ἐπεσκόπουν
968 3321 1063 3401 ἄκρα,

284 3425 379 3510 ζητῶν
401 3421 438 3487 τό
462 3422 565 3509 κόκλῳ
587 3427 639 3506 τῆς
661 3420 734 3505 ὅλης
755 3423 940 3506 οἰκουμένης

239 3532 261 3597 5
282 3530 326 3603 εἰς
348 3533 384 3592 ἓν
404 3530 551 3611 συνάψαι
573 3537 637 3601 τοῖς
659 3526 746 3609 ὅροις
766 3537 830 3599 τοῖς
851 3530 904 3592 τοῦ
924 3528 1066 3608 κράτους.

284 3632 356 3695 ἀλλ’
379 3633 545 3714 ἐκράτησεν
568 3627 585 3714 ἧ
609 3633 670 3713 πρό
693 3635 748 3697 τοῦ
769 3635 973 3717 κρατουμένη,

283 3743 336 3800 καὶ
358 3738 438 3818 πρδς
460 3737 567 3799 στενόν
587 3739 682 3820 μέρος
706 3760 731 3799 τι
754 3735 961 3814 συγκλείσασά
982 3759 1031 3814 με,

282 3842 425 3906 ένταόθα
447 3843 569 3923 τέφραν
590 3839 659 3903 ἀντὶ
681 3841 836 3904 δεσπότου
858 3843 956 3922 φέρει.
1009 3837 1012 3842 ’

284 3950 320 4012 σύ
342 3947 380 4024 δ’,
404 3944 421 4008 δ
444 3945 572 4019 πλάσας
593 3969 632 4026 με
657 3955 725 4018 ταῖς
747 3943 918 4028 άχράντοις
939 3947 1025 4024 χερσί
1048 3962 1115 4020 σου,

220 4055 262 4120 10
283 4050 475 4114 όνάπλασον
498 4050 598 4113 πάλιν
618 4073 658 4133 με
681 4052 761 4131 πρός
783 4053 945 4133 σωτηρίαν.

284 4160 338 4218 καὶ
359 4165 423 4228 τοϊς
443 4153 597 4233 βλέπουσι
619 4158 799 4233 συμπαθεῖς
820 4176 881 4233 μου
902 4158 956 4215 τόν
978 4157 1085 4236 τάφον

284 4258 414 4343 φάνηθι
436 4264 488 4319 καί
511 4263 548 4323 σὺ
569 4257 743 4342 συμπαθής
764 4257 800 4320 έν
822 4261 856 4346 τῇ
880 4260 987 4339 κρίσει.
1735 4324 1741 4334 ,

1578 4344 1594 4377 0
1616 4346 1634 4376 α
1650 4342 1785 4394 supenm-

1578 4396 1676 4466 positis
1704 4415 1724 4466 γ
1756 4398 1786 4451 et

197 4471 271 4540 86.
294 4468 349 4541 Είς
370 4470 424 4551 την
445 4463 555 4529 είκόνα
577 4470 639 4529 τοῖν
662 4472 755 4550 τριῶν
778 4464 887 4545 ἁγίων,
912 4467 949 4551 ἢν
971 4466 1151 4550 ἐδωρήσατο
1174 4465 1216 4550 τῷ
1232 4463 1372 4550 άρχιερεῖ
1387 4468 1416 4528 Γ
1411 4472 1556 4554 ρηγορίῳ,
1578 4470 1694 4522 accentu
1732 4467 1785 4521 cir·

242 4574 259 4636 1
281 4570 365 4651 Ἐμοὶ
386 4574 415 4632 τί
435 4571 540 4648 μεῖζον
561 4576 623 4634 τόν
643 4572 730 4653 έμῶν
751 4571 974 4649 διδασκάλων,
1547 4586 1551 4592 ’
1579 4539 1715 4680 λὲἓλλρθλλ
1739 4563 1784 4664 οῖ-

285 4673 330 4737 ιόν
353 4674 426 4739 οὐδὲ
447 4676 566 4756 κόσμον
588 4681 696 4740 πάντα
719 4680 898 4758 προκρίνειν
920 4676 988 4755 ἔχοι.
1578 4681 1632 4764 σου
1675 4684 1784 4736 ottobo-

284 4779 370 4861 ὅμως
391 4779 427 4842 δὲ
449 4780 580 4863 φίλτρον
601 4781 719 4863 άνδρός
743 4779 944 4864 ἡγιασμένον,
1597 4771 1766 4895 ffigusassfm

286 4885 377 4949 αἰδοί
395 4889 564 4969 κρατῆσαν,
588 4888 704 4965 οἴχεται
726 4886 849 4957 τούτους
871 4887 961 4960 ἄγον.
1579 4897 1751 4950 δοαόεοιιικό

1457 5011 1477 5071 6
