4560 6172
335 467 380 534 λδ

422 632 466 706 ὥς
486 630 544 697 οἶν
564 631 696 704 κελείεις
717 633 903 709 πείθομαι(
926 633 980 690 καί
1002 628 1042 713 δη
1064 629 1144 707 λέγε.

361 740 402 803 10
424 739 481 801 »οὐ
500 741 556 819 την
577 738 708 798 σεαυτοῦ
729 739 865 815 κοσμίως
885 733 997 813 βάδιζέ
1016 756 1089 814 μοι·

420 839 514 922 α’ρκεέ
532 832 605 919 γάρ,
629 842 672 900 άν
692 838 845 901 κάλλιστα
867 844 921 899 καί
941 837 1055 921 ταύτην
1076 838 1231 919 δρόμοις·

420 948 563 1024 βαθμῶν
584 943 614 1005 δ’
636 942 767 1005 ἐκείνων
787 949 842 1003 καί
863 943 996 1022 θρόνων
1017 946 1096 1024 πρδς
1117 942 1172 1015 οὓς
1193 948 1301 1028 πτίρη,

421 1048 536 1111 πολλοί
556 1052 616 1126 μέν
637 1044 719 1129 η’σαν
740 1047 897 1128 έγκραιεῖς
918 1049 997 1124 χθές
1017 1051 1071 1107 καί
1093 1047 1206 1122 πάλαι,

421 1151 536 1216 πολλοὶ
557 1151 585 1213 δ’
608 1152 742 1224 ε’σονται,
765 1153 946 1230 συρρέοντες
967 1154 1011 1234 τῷ
1030 1141 1146 1234 χρόνῳ,

360 1259 401 1324 15
424 1252 450 1342 ᾧ
471 1260 526 1317 καί
547 1253 782 1318 συνεκλείπουσι
803 1256 918 1326 πάντες
938 1252 975 1315 έν
995 1256 1093 1335 μέρει,

420 1364 479 1435 δας
500 1361 745 1442 καταντήσουσιν
765 1359 811 1431 είς
832 1364 940 1421 κοινὰν
960 1357 1059 1433 τέλος,

422 1463 522 1548 μηδὲν
543 1465 620 1545 παρ’
643 1461 747 1526 αἰτῶν
768 1463 977 1545 κερδάναντες
998 1462 1081 1524 ἄλλο
1102 1486 1130 1524 τι

423 1567 506 1649 πλην
527 1571 582 1640 τός
602 1566 653 1629 ἔπ’
676 1565 783 1640 αἰτοῖς
803 1565 946 1639 εὗθένας
968 1573 1022 1629 καί
1043 1569 1114 1638 τοὺς
1135 1565 1258 1642 λόγους,

424 1671 523 1734 πλέον
544 1674 723 1751 πικραίνειν
743 1669 870 1751 ὕστερον
890 1672 1072 1751 πεφυκότας

359 1776 403 1842 20
424 1778 444 1857 ἧ
465 1776 602 1857 σήμερον
622 1778 770 1855 τέρπουσι
791 1776 860 1848 τοίς
881 1776 1103 1856 κεκτημένους·

423 1881 571 1964 τέρπουσι
593 1883 647 1939 καί
669 1883 731 1959 γάρ
754 1876 859 1957 ὥσπερ
881 1879 1046 1959 ἄνθρακες
1066 1880 1181 1959 βρέφη,

424 1985 494 2055 τοὺς
515 1984 595 2063 πρδς
614 1981 715 2062 μόνον
737 1984 770 2043 τδ
793 1981 919 2059 στίλβον
940 1981 1223 2061 ἔκθαμβουμένους

424 2095 478 2148 καί
499 2089 541 2167 μή
565 2089 758 2157 σκοποῦντας
781 2084 823 2157 ὥς
844 2086 908 2164 ἔχει
931 2090 984 2145 καὶ
1005 2087 1039 2146 τδ
1061 2085 1190 2166 φλέγον,

425 2194 499 2274 πρίν
521 2193 563 2252 ἄν
585 2188 708 2251 παθάν
729 2210 774 2262 τις
795 2192 871 2252 νοῐν
892 2188 1014 2264 ἐνέγκοι
1036 2193 1089 2249 καὶ
1109 2189 1245 2269 μάθοι.«

358 2296 401 2361 25
420 2295 521 2368 ,ἔστω
544 2292 648 2366 καλῶς
668 2294 804 2376 εἴρηκας.
826 2290 912 2354 ἄλλά
932 2295 994 2372 γάρ
1016 2292 1123 2354 πόθεν

426 2402 459 2460 τδ
482 2400 538 2460 σδν
560 2395 715 2458 τάλαντον
736 2394 912 2484 έμπορεύση
932 2398 988 2459 τοῦ
1008 2394 1141 2474 λόγους(

426 2511 521 2564 ποῖον
543 2500 641 2578 λόγου
663 2499 819 2562 τάλαντον
825 2529 837 2577 3
859 2499 915 2563 οὖν
937 2498 999 2578 ἔχω
1021 2497 1129 2577 λόγον,

426 2604 523 2690 Ιοῦτω
545 2595 730 2685 καμνόντων
752 2601 810 2688 (ὥς
831 2602 924 2687 δρᾷς)
946 2607 1009 2665 των
1032 2600 1193 2684 δργάναν,
1355 2604 1411 2669 38¹

426 2705 470 2782 ὥς
489 2708 569 2792 μηδὲ
592 2707 706 2770 λνπτδν
728 2710 864 2789 φθέγμα
886 2711 1023 2786 πέμπειν
1045 2706 1197 2780 εὐκόλως·

363 2813 406 2879 30
425 2816 571 2876 τοσοῦτον
591 2811 739 2895 ἐκράτησε
760 2818 823 2874 τῶν
845 2809 955 2895 πρώην
977 2809 1087 2875 δθλων

427 2914 445 3000 ἢ
470 2918 526 2980 νίν
546 2937 585 2995 με
607 2914 816 2978 συστέλλουσα
838 2914 1053 2992 παιδαγωγία,

426 3017 481 3103 ὕφ’
504 3015 541 3103 ἧς
562 3023 730 3100 πέπαυμαι
751 3026 804 3083 τοῦ
825 3019 999 3102 θεατρίζειν
1019 3023 1124 3102 μάτην

428 3128 482 3186 καί
503 3122 607 3186 πολλοὶ
631 3121 737 3208 ληρεῖν
758 3124 794 3185 έν
815 3125 942 3203 σχολαῖς
964 3127 1018 3185 καί
1040 3122 1221 3198 συλλόγοις·

427 3229 500 3290 εἴσω
522 3226 558 3289 δὲ
580 3224 681 3291 νεύων
701 3225 853 3308 μετριάζω
877 3229 957 3308 πρδς
978 3227 1103 3304 λόγους,

361 3331 404 3398 35
424 3330 524 3415 μηδέν
545 3333 687 3414 περιττδν
708 3330 780 3415 μηδ’
803 3333 940 3413 ἄκαιρον
959 3331 1114 3414 ἐκφέρων,

426 3436 536 3517 μόνοις
557 3434 593 3496 δὲ
616 3438 728 3517 φωνην
748 3446 812 3507 τοῖς
834 3435 1020 3511 α’νογκαίοις
1043 3439 1157 3512 νέμων,

427 3538 505 3603 οὕτω
526 3561 567 3614 τε,
590 3542 710 3601 σαίνων
732 3545 785 3601 καὶ
809 3539 944 3602 λεαίνων
965 3541 1020 3621 τὴν
1042 3541 1148 3613 νόσον,

427 3643 462 3704 τὸ
485 3641 612 3716 ζωτικόν
631 3664 686 3722 μοι
710 3646 833 3723 πνεῦμα
858 3643 1039 3706 συνθάλπω
1059 3643 1162 3722 μόλις,

428 3745 534 3820 ἄλλως
555 3769 585 3808 τε
607 3749 669 3808 κάν
690 3746 792 3810 πόλοι
814 3770 858 3820 τις
881 3744 919 3829 ἦν
940 3744 1117 3821 εὖγλωττία,

363 3852 407 3917 40
427 3855 480 3913 καί
502 3853 628 3933 καρπόν
651 3848 706 3914 οὐκ
729 3852 884 3934 ἄχρηστον
905 3848 1052 3931 έξήνεγκέ
1074 3869 1134 3923 σοι,

429 3953 535 4028 καλῶς
556 3954 762 4039 γεωργήσασα
785 3954 920 4028 πολλοὺς
941 3957 1004 4016 τῶν
1024 3956 1106 4016 νέων
1128 3991 1170 4002 -

431 4058 555 4132 πόντος
576 4062 638 4141 γὰρ
661 4057 698 4123 οὐ
719 4062 840 4141 τίθημι,
864 4059 907 4142 μὴ
931 4062 985 4120 καί
1007 4057 1177 4139 κομπάσω·

431 4162 515 4247 πλην
535 4161 620 4225 α’λλά
642 4161 804 4236 πλείστους
827 4201 858 4209 -
885 4159 958 4245 η’ρεν
979 4162 1014 4224 έκ
1035 4162 1246 4244 μαθημάτων,

431 4265 585 4340 πλείστοις
607 4265 642 4328 δὲ
665 4270 719 4328 καί
740 4271 821 4347 πρδς
842 4262 926 4349 η’θσς
946 4263 1104 4349 είσῆνεγνέ
1125 4287 1163 4340 τι,

366 4373 412 4465 ἦ
431 4366 469 4436 οὗ
488 4370 613 4452 μᾶλλον
634 4368 652 4455 ἢ
675 4370 842 4443 παίδευσις
863 4367 1063 4452 εὐτυχεστέρα

430 4480 485 4559 τῆς
503 4480 566 4539 τῶν
587 4479 738 4556 περιττῶν
759 4475 796 4538 έν
817 4473 922 4551 λόγοις
945 4475 1190 4559 νυμφευμάτων.

431 4579 556 4654 τοέτσυς
577 4581 671 4659 ἔγωγε
692 4581 762 4653 τοὺς
785 4582 1002 4662 σοφισθέντας
1024 4583 1114 4654 νέους

431 4684 543 4769 κέρδος
563 4686 707 4763 μέγιστον
727 4686 771 4769 τῷ
792 4683 939 4769 ταλάντῳ
962 4688 1143 4768 προσφέρω,

432 4782 479 4850 δν
498 4791 556 4851 νῖν
578 4792 710 4871 θεωρετς
731 4787 813 4850 ἔστιν
834 4788 887 4862 οὓς
909 4787 1122 4863 διδασκάλους
