4560 6172
193 556 272 623 1⁷⁷
1740 554 1782 618 99

188 727 381 805 συγχόσεως,
404 724 543 804 μειιόσας
563 727 624 803 μὲν
644 725 699 806 τῆν
721 721 878 803 άμείωτυν
899 727 962 788 τόν
982 724 1188 806 ἐπουρανίων
1210 723 1360 807 πληθόν,
1395 729 1449 786 καὶ
1469 726 1525 806 τῆν
1547 724 1665 787 ἄλυτον
1690 727 1783 799 τάξιν

189 832 251 891 τόν
273 827 383 892 άῦλων
405 826 506 901 λόσας
528 826 705 906 ταγμάτων,
735 830 790 888 τόν
819 828 976 909 ἄρρηκτόν
1005 850 1037 890 τε
1059 831 1113 888 καί
1133 829 1237 908 μέγαν
1258 832 1480 909 συνασπισμὸν
1503 828 1694 913 διαρρήξας,
1728 832 1782 890 καὶ

190 937 340 1017 τοσαύτην
362 931 465 1018 ἑαυτῷ
488 931 643 1016 φάλαγγα
666 934 720 992 καὶ
750 933 990 1014 συναποστῆσας
1019 930 1147 992 ἐκεῖθεν
1177 935 1231 992 καί
1261 931 1530 1009 συγκατασπάσας
1557 932 1602 1005 είς
1631 935 1704 1013 γῆν,
1738 931 1783 1004 είς

190 1038 375 1117 ἀναγκαίαν
398 1036 434 1099 δέ
456 1039 567 1116 χρείαν
587 1034 770 1118 τηλικαότης
792 1035 977 1117 ἐπικουρίας
999 1033 1205 1114 ἐμβαλόντι)
1227 1033 1451 1117 α’νθροίπινον,
1475 1034 1555 1117 πρός
1576 1058 1607 1096 τε
1629 1038 1684 1117 τῆν
1695 1035 1784 1106 ἐντός

190 1147 300 1227 μάχην
320 1148 436 1223 ταύτην
456 1143 513 1222 τῆν
533 1142 596 1200 τῶν
618 1142 741 1201 παθῶν
763 1143 817 1199 καὶ
838 1141 920 1218 πρός
940 1141 995 1221 την
1017 1138 1105 1211 ἐκτός
1117 1138 1240 1221 τῆνολπ’
1257 1138 1379 1201 ἐκείνου
1395 1140 1629 1218 ταλαιπωροῦν.
1653 1138 1782 1220 ἓ*προσ-

194 1248 279 1329 θῆκη
301 1245 337 1308 δὲ
360 1251 414 1308 τοῦ
436 1246 537 1306 κακοῦ
560 1241 607 1304 ὅτι
628 1246 683 1303 καί
704 1246 766 1303 τοῖν
789 1239 975 1306 ὑπολοίπων
997 1239 1157 1319 ἀγγέλων,
1187 1243 1251 1303 τεόν
1272 1241 1426 1304 ἐκλεκτῶν
1455 1246 1510 1302 καὶ
1541 1240 1707 1315 θεοειδῶν,
1740 1277 1780 1288 -

192 1353 291 1429 βαβαῖ
313 1352 405 1427 μέχρι
426 1352 510 1419 τίνος
535 1343 551 1427 r]
576 1345 678 1423 τόλμα
699 1348 753 1408 τοῦ
774 1343 919 1425 ὑβριστοῦ
943 1384 981 1394 -
1013 1344 1223 1407 κατεσκέδασε
1245 1344 1347 1420 δόξαν
1369 1343 1564 1427 άμφίβολον,
1597 1350 1650 1405 καὶ
1673 1343 1783 1406 διστά-

195 1453 257 1526 ζειν
278 1452 458 1534 ῆνάγκασεν
481 1449 565 1532 ῆμᾶς
586 1449 636 1510 ἐπ’
659 1446 766 1520 αότοίς
788 1449 922 1530 πότερον
945 1452 1069 1529 τρεπτοί
1088 1471 1168 1522 τινες
1191 1447 1271 1522 ὅλως
1294 1451 1363 1530 ῆτό
1383 1450 1519 1513 ου’νολον
1535 1450 1689 1528 άτρεπτυι,
1712 1447 1781 1509 ἐπεὶ

194 1556 323 1638 τρεπτός
345 1559 399 1616 καὶ
421 1551 525 1626 αὑτός,
550 1552 596 1614 ότι
619 1557 674 1613 καὶ
696 1552 883 1615 παντάπασι
906 1557 1073 1633 τέτραπται
1095 1587 1138 1602 -
1162 1555 1217 1635 τῆν
1239 1550 1306 1617 άπὸ
1326 1558 1381 1619 τοῦ
1404 1557 1576 1634 κρείττονος
1597 1553 1679 1627 λέγω
1701 1556 1783 1632 πρός

195 1664 228 1721 τό
251 1670 358 1739 χεῖρον
379 1658 520 1740 τροπήν·
555 1656 593 1719 οῦ
616 1660 677 1734 γάρ
700 1657 739 1738 δη
763 1662 816 1717 καὶ
838 1658 893 1738 τῆν
915 1656 1070 1735 ἔμπαλιν,
1105 1655 1149 1730 ὡς
1170 1655 1292 1739 όφελόν
1312 1680 1347 1732 γε
1369 1654 1498 1739 κάκείνη
1519 1660 1562 1740 τῷ
1584 1655 1782 1740 παλαμναίῳ

197 1766 336 1845 προσῆν·
362 1759 401 1843 ῆν
422 1767 484 1841 γάρ
506 1764 548 1822 δν
571 1766 624 1822 καὶ
647 1759 722 1842 ἡμῖν
744 1760 840 1832 οὑτως
862 1759 1005 1839 ἄμεινον,
1030 1759 1135 1842 οἵσπερ
1157 1759 1261 1822 πάλαι
1285 1766 1339 1822 καὶ
1362 1758 1417 1842 ῆν·
1441 1764 1510 1834 πῶς
1522 1760 1558 1823 δὲ
1570 1758 1626 1824 οὐκ
1642 1759 1782 1839 ἔμελλεν,

195 1864 418 1951 άπαλλαῆγετσι
432 1865 572 1926 τοιούτου
586 1862 728 1942 χαλεποῦ
743 1863 897 1941 πολεμίου
918 1868 972 1925 καὶ
986 1867 1167 1942 γενομένοις
1182 1863 1226 1936 οἷς
1246 1865 1332 1945 πρίν,
1362 1865 1412 1924 ὅτε
1429 1860 1508 1945 ἦμεν
1520 1863 1563 1925 ἔτι
1578 1886 1638 1942 μα-
1707 1863 1784 1928 121ι

196 1969 314 2051 κάριοτ,
335 1964 433 2050 μῆπω
449 1968 544 2050 τούτῳ
565 1969 792 2047 προσμίξαντες
806 1967 855 2028 ἐπ’
873 1966 1004 2050 ὀλέθρῳ
1025 1971 1068 2054 τῷ
1090 1967 1212 2030 ἑαυτόν
1233 1967 1314 2051 μηδὲ
1335 1972 1390 2049 τῆν
1412 1967 1462 2029 ἐπ’
1485 1965 1570 2051 αῦτῷ
1592 1969 1668 2047 παρ’
1687 1966 1784 2031 αὐτοῦ

197 2075 331 2153 δυστυχῆ
353 2068 520 2149 δεξάμενοι
536 2081 667 2150 πετρανς
691 2069 783 2133 ίῦνῦν
806 2069 834 2131 δ’
858 2069 875 2131 ό
899 2071 1024 2147 μενεῖς
1044 2074 1161 2133 κακίαν
1182 2070 1236 2152 ἐφ’
1259 2070 1350 2146 άπαξ
1372 2070 1610 2152 κατολισθῆσας
1631 2071 1674 2133 ἔτι
1696 2076 1784 2149 μένει

198 2178 305 2254 κακός,
328 2174 454 2254 μᾶλλον
477 2174 513 2235 δέ
536 2177 632 2234 κακία
654 2176 687 2234 τό
712 2173 789 2235 ὅλον
810 2179 865 2233 καὶ
885 2178 1015 2250 γέγονεν
1037 2171 1131 2247 αῦτὺς
1153 2173 1210 2257 ὑφ’
1225 2173 1339 2239 ἑαυτοῦ
1361 2181 1415 2236 καὶ
1433 2175 1505 2250 ἔστι,
1529 2177 1642 2248 κακίας
1656 2173 1785 2260 άπάσης

198 2281 387 2366 δημιουργὸς
409 2282 462 2339 καὶ
485 2277 605 2360 πατῆρ,
639 2276 709 2355 ἐμοὶ
732 2276 768 2338 δέ
790 2278 823 2338 τό
847 2276 954 2339 πάλαι
977 2281 1142 2361 βασκῆνας
1162 2283 1215 2360 τῆς
1237 2282 1428 2361 θαυμαστῆς
1448 2279 1568 2363 ἐκείνης
1589 2282 1697 2361 τιμῆς,
1732 2286 1786 2342 καί

197 2385 231 2447 τό
253 2385 323 2446 ἴσον
345 2379 431 2465 αὐτῷ
454 2384 508 2441 καί
530 2380 682 2463 τολμῆσαι
704 2384 817 2452 πείσας
839 2386 893 2443 καὶ
915 2377 1102 2465 ὑποστῆναι,
1126 2385 1189 2464 φεῦ
1210 2379 1262 2444 οία
1285 2383 1462 2445 πέπονθαί
1485 2383 1547 2446 οῦδ
1564 2381 1658 2456 αότδς
1676 2383 1785 2447 ἐθέλει

198 2513 225 2552 τι
247 2487 370 2568 βέλτιον
392 2487 443 2567 ἐφ’
466 2484 569 2569 ἑαυτοῦ
592 2489 824 2567 συμφρονῆσαι,
849 2484 931 2566 κάμε
951 2489 1003 2569 τῆς
1026 2488 1178 2568 σωτηρίας
1199 2485 1341 2561 άπάγειν
1363 2483 1547 2566 φιλονεικεῖ,
1570 2487 1786 2565 ἐπιβουλεύων

198 2615 228 2654 τε
251 2590 364 2670 λάθρα
387 2592 442 2650 καί
463 2589 613 2669 πολεμοῖν
634 2590 798 2671 ἐμφανῶς,
821 2593 985 2669 πανταχοῦ
1006 2613 1038 2653 τε
1060 2590 1200 2666 παγίδας
1220 2614 1275 2671 μοι
1298 2590 1446 2651 θανάτου
1469 2592 1587 2673 πηγνὺς
1611 2595 1665 2652 καὶ
1688 2590 1786 2673 ζητοῦν

200 2693 391 2759 άποκλετσαι
413 2694 469 2775 τῆν
489 2692 535 2767 εἰς
555 2692 590 2755 τό
611 2691 748 2775 άρχατον
770 2692 946 2756 ἐπάνοδον.
993 2691 1101 2754 πάλλ’
1122 2687 1139 2754 ὑ
1162 2696 1222 2771 μὲν
1242 2692 1383 2765 τοιοῦτός
1397 2692 1470 2769 ἐστι,
1494 2698 1548 2754 καὶ
1564 2695 1679 2756 οὔποτε
1699 2694 1788 2778 λη’ξει

200 2805 254 2863 τοῦ
277 2799 357 2880 πρός
378 2800 413 2859 τό
437 2800 528 2871 γένος
550 2797 703 2876 πολέμου,
725 2800 785 2870 έως
806 2799 849 2858 άν
871 2797 1076 2877 ἐπειγόμενον
1097 2797 1200 2882 βλέπη
1224 2799 1304 2879 πρδς
1325 2793 1476 2877 οὐρανόν,
1509 2796 1592 2860 ὅθεν
1614 2797 1630 2859 δ
1654 2800 1787 2883 βέβηλος

202 2901 295 2975 αῦτδς
318 2900 498 2983 άπερρίφη,
529 2903 567 2961 τά
590 2899 626 2962 δὲ
650 2902 715 2974 νῦν,
749 2899 796 2973 ιός
818 2899 961 2985 άποίσθη
983 2907 1046 2962 τῶν
1067 2899 1242 2976 α’γγελικοῖν
1263 2899 1458 2978 καταλόγων,
1493 2899 1572 2964 οὕτω
1595 2902 1634 2984 δῆ
1658 2906 1788 2967 καὶτοῦ

202 3005 300 3082 λόγου
332 3008 385 3068 τοῦ
414 3007 487 3083 περὶ
515 3006 576 3065 τῶν
605 3002 750 3079 α’γγέλων
778 3001 922 3078 α’πέστω,
963 3007 1034 3077 τοῦς
1068 3002 1237 3083 ὁμοτίμους
1272 3008 1347 3083 πρὶν
1375 3004 1502 3077 τούτους
1534 3004 1789 3089 συλλειτουργυὺς

204 3110 208 3193 λ
233 3114 287 3170 καί
309 3106 534 3188 συνάρχοντας,
559 3108 717 3189 φοβεροὺς
739 3106 775 3169 δέ
797 3111 856 3170 νῦν
878 3105 1074 3180 ἀντιπάλους
1095 3112 1150 3168 καὶ
1171 3109 1322 3190 τιμωροὺς
1344 3106 1458 3180 δεδιὼς
1479 3112 1644 3183 καὶκακὸς
1711 3112 1789 3176 121²

201 3217 307 3286 κακοῖς
329 3214 456 3295 φεύγων
478 3209 521 3282 ὠς
544 3209 687 3291 άμάχυυς
708 3211 764 3292 τῆν
786 3209 938 3289 δύναμιν·
962 3211 980 3272 ό
1004 3212 1040 3272 δέ
1062 3211 1155 3287 λόγος
1177 3210 1277 3274 πάλιν
1298 3210 1424 3291 ἐχέσθω
1446 3215 1509 3272 τοῖν
1524 3210 1596 3296 ἑξῆς
1609 3214 1788 3291 α’κωλότως,

201 3321 256 3377 καὶ
277 3316 334 3389 τάς
354 3321 416 3377 τῶν
438 3315 539 3390 ἁγίων
562 3313 706 3390 άγγέλων
728 3314 876 3388 ποικίλας
898 3313 1122 3395 α’γαθουργίας
1143 3313 1186 3388 ὥς
1207 3315 1344 3377 δυνατὸν
1364 3312 1548 3396 εῦφημείτω.

291 3419 408 3499 ’ἵελχεν
430 3415 486 3483 οὖν
508 3418 614 3491 καλῶς
636 3417 692 3480 ἀπ’
715 3415 816 3501 α’ρχῆς
838 3422 880 3502 τῷ
903 3423 1015 3508 ποιητῆ
1036 3420 1073 3481 τό
1097 3419 1279 3501 ποιήματα,
1313 3422 1368 3478 καὶ
1388 3416 1473 3479 είδεν
1493 3414 1684 3501 ὀφθαλμοῖς
1708 3421 1787 3487 α’δε-

187 3524 327 3597 Ικάστοις
349 3522 479 3585 ἅπαντα
500 3526 607 3597 ταῦτα,
630 3527 684 3583 καὶ
706 3522 778 3586 ίδοὺ
799 3522 883 3584 καλά
906 3524 1013 3584 λίαν*·
1037 3523 1106 3585 ἐπεὶ
1123 3522 1159 3585 δέ
1182 3520 1200 3584 ό
1219 3520 1350 3606 φθόνος
1363 3526 1510 3585 τοσοῦτον
1522 3523 1713 3610 ἐθρασόνθη
1735 3533 1790 3590 καὶ

201 3631 326 3708 ἴσχυσεν
331 3674 342 3702 ,
375 3624 419 3699 (ἐς
441 3626 651 3707 άλλοτριῶσαι
675 3628 755 3691 θεοῦ
776 3631 830 3688 τόν
851 3632 918 3688 κατ’
939 3626 1048 3689 είκόνα
1071 3626 1278 3687 πλασθέντα*
1300 3631 1427 3712 καὶτῆς
1449 3628 1622 3712 δεδομένης
1643 3628 1738 3705 άξίας
1759 3655 1790 3694 τε

204 3735 258 3793 καὶ
281 3729 376 3811 δόξης
398 3728 593 3804 άπενεγκετν,
617 3734 670 3793 τοῦ
692 3734 744 3812 τῆς
764 3733 885 3812 τρυφῆς
904 3734 964 3810 μέν
985 3733 1102 3810 χωρίου
1124 3735 1178 3791 καὶ
1199 3734 1253 3812 τῆς
1267 3730 1435 3795 άνωδόνου
1450 3733 1531 3816 ζωῆς
1551 3736 1616 3813 μετ’
1642 3733 1791 3821 αίσχόνης

204 3835 222 3898 ὁ
245 3834 386 3906 δείλαιος
407 3835 586 3916 ἄνθρωπος
608 3831 844 3912 άπυπέμπεται,
868 3834 950 3921 λύπη
974 3834 1010 3897 δὲ
1032 3840 1086 3897 καὶ
1109 3838 1227 3916 φθορᾷ
1248 3839 1302 3896 καί
1325 3838 1461 3918 θανάτῳ
1483 3840 1538 3897 καί
1559 3847 1670 3910 κακοῖς
1692 3842 1792 3903 πᾶσιν

203 3938 329 4010 ἔκδοτος
351 3935 405 3999 διδ
428 3937 484 4015 τῆν
505 3937 623 3998 άνυιαν
643 3940 769 4012 γίνεται,
794 3942 846 3998 καὶ
868 3942 1086 4019 κατακρίνεται
1107 3942 1168 4018 μὲν
1184 3939 1240 4021 τῆν
1261 3938 1307 4011 είς
1323 3943 1383 4021 γῆν
1399 3939 1552 4023 οίκτίστην
1566 3938 1792 4027 α’ποστροφῆν*

204 4047 258 4104 καὶ
279 4044 335 4103 τόν
355 4043 464 4120 μέχρις
485 4041 604 4121 ἐκείνης
626 4042 792 4104 ἄσπονδον
814 4041 956 4121 πόλεμον
986 4044 1066 4122 πρός
1095 4042 1151 4104 τόν
1178 4038 1275 4105 αὑτοῦ
1305 4042 1410 4104 δεινόν
1440 4046 1631 4128 πτερνιστῆν,
1668 4044 1708 4110 οδ
1728 4051 1792 4132 μῆν

204 4147 386 4224 παρορᾶται
409 4144 571 4218 παντελοῦς
594 4144 777 4228 α’βοῆθητος
797 4142 860 4208 ὑπὸ
882 4151 935 4227 τῆς
964 4150 1019 4209 τοῦ
1050 4144 1192 4207 πλάστου
1222 4144 1495 4229 φιλανθρωπίας,
1528 4147 1614 4210 α’λλά
1637 4155 1690 4211 καὶ
1712 4155 1792 4233 βοη-

205 4256 311 4311 θεῖται
331 4249 493 4330 βοῆθειαν
515 4253 707 4332 θαυμαστὴν
729 4254 782 4310 καὶ
804 4249 947 4331 μεγάλην
967 4257 1021 4310 καὶ
1044 4252 1223 4328 συμμαχίας
1246 4248 1390 4329 τυγχάνει
1412 4256 1568 4331 κραταιᾶς
1591 4253 1596 4338 ί
1618 4276 1650 4316 τε
1717 4254 1792 4319 1221

204 4356 258 4414 καὶ
280 4352 428 4433 δυνατῆς.
474 4352 565 4413 28καὶ
588 4349 673 4417 οῦτοί
693 4353 774 4439 εἰσιν
795 4349 869 4435 ῆμτν
891 4353 922 4415 οἱ
944 4356 1063 4437 βοηθοί
1083 4376 1114 4415 τε
1136 4357 1190 4414 καὶ
1212 4353 1383 4434 σόμμαχοι,
1405 4354 1465 4416 ἀπ’
1482 4352 1583 4439 α’ρχῆς
1604 4358 1678 4440 ἄχρι
1701 4357 1794 4440 δεῦρο

204 4461 237 4520 τό
260 4458 339 4518 καθ’
363 4454 446 4538 ῆμᾶς
466 4460 558 4533 γένος
580 4456 727 4540 σῴζοντες
749 4462 804 4518 καί
826 4457 1039 4542 παντοδαπῆν
1060 4457 1246 4535 ἐπιμέλειαν
1276 4461 1357 4541 πρὸς
1384 4463 1473 4525 τοῦτο
1503 4461 1712 4544 εἰσφέροντες.
1740 4468 1794 4525 τοῦ

204 4558 303 4636 λόγου
333 4559 370 4622 δέ
399 4557 520 4642 μάρτυς
552 4557 609 4624 οὑκ
638 4559 769 4636 άγγελυς
797 4559 871 4625 οῦδὲ
902 4564 1096 4643 ἄνθρωπος,
1127 4561 1198 4623 ἄλλ’
1231 4562 1307 4627 αῦτδ
1338 4564 1372 4626 εδ
1403 4568 1529 4644 πνεῦμα
1550 4569 1603 4647 τῆς
1624 4564 1793 4648 άληθείας,

204 4663 355 4726 παλαιάν
375 4685 407 4725 τε
428 4668 481 4725 καὶ
505 4667 583 4726 νέαν
604 4662 746 4743 ἱστορίαν
768 4669 821 4726 καὶ
851 4669 1070 4747 πραγματείαν
1100 4668 1163 4727 τοῖν
1190 4665 1241 4727 ἐπ’
1271 4663 1377 4740 αὐτοῖς
1408 4666 1582 4751 πληροῦσαν
1615 4668 1795 4749 θαυμάτων

204 4772 259 4830 καί
280 4766 489 4848 πανταχόθεν
511 4766 588 4851 ῆμτν
609 4768 664 4842 τάς
687 4765 856 4846 α’γγελικάς
885 4792 915 4832 τε
945 4773 999 4831 καὶ
1023 4772 1117 4843 θείας
1136 4773 1298 4852 γνωρίσαν
1318 4769 1562 4852 μεγαλουργίας.
1609 4770 1795 4836 29ἐντεῦθεν

277 4909 306 4957 τγ
326 4889 388 4945 Gen
407 4909 430 4953 1,
449 4908 477 4957 χι
494 4892 500 4958 Ι
515 4909 546 4957 ²7
566 4889 627 4944 Gen
647 4906 669 4955 1,
688 4895 719 4943 τό
734 4894 739 4958 Ι
756 4911 785 4958 27
805 4891 865 4946 Gen
885 4911 908 4959 3,
929 4910 957 4959 19

1434 4998 1509 5069 13ἠὲ
