4560 6172
342 548 403 614 166
1842 545 1928 612 185

339 720 400 800 γάρ
424 717 467 793 ω“ς
488 719 608 783 έπίπαν
630 718 726 801 φύσις
747 717 823 802 αὕτη
844 722 899 782 τοῦ
920 718 1121 796 πράγματος·
1146 718 1178 778 τδ
1201 719 1261 796 μέν
1284 718 1372 798 παρά
1395 717 1450 800 τὴν
1472 712 1570 790 δξίαν
1594 711 1628 776 εῦ
1652 716 1801 797 πράττειν
1823 736 1926 777 κακο-

341 823 499 907 φρισύνης
528 825 612 887 αίτία
641 832 706 897 τοῖς
734 821 878 906 δνοῆτοις
907 823 1114 897 καθίσταται,
1148 818 1321 901 ἐὐβουλίας
1357 820 1392 884 δδ
1431 823 1486 882 καί
1521 818 1702 901 φρονῆσεως
1740 817 1926 901 δυσπραγία

341 926 547 1000 διδάσκαλος·
582 931 635 988 καί
662 926 745 1010 ῥᾷον
766 928 810 988 ἄν
830 948 875 1000 τις
896 925 1018 989 συνίδοι
1047 928 1261 1008 κακοπραγτῦν
1289 928 1326 987 τά
1356 935 1420 998 τοῖς
1451 922 1582 997 πολλοῖς
1612 923 1818 1006 δυσθεώρητα
1843 925 1922 1007 ῆτδ

344 1038 443 1095 πᾶσιν
464 1029 641 1098 εὐσύνοπτα
664 1029 789 1113 συνὴσει
811 1028 982 1114 εὐημερῶν.
1027 1026 1123 1092 5άλλ’
1153 1029 1222 1092 λπεί
1253 1026 1296 1104 τίς
1322 1029 1364 1112 μιΙ
1394 1028 1518 1112 α’ίφελεν
1539 1029 1583 1102 ελς
1604 1030 1700 1093 ταῦτα
1723 1030 1923 1110 κατέστημεν,

342 1140 395 1198 καί
415 1138 504 1217 χρεία
528 1137 585 1201 νῦν
606 1133 746 1214 μάλιστα
766 1137 819 1218 τῆς
840 1131 965 1215 α’ρίστης
986 1133 1111 1216 βουλῆς,
1136 1134 1140 1218 Ι
1165 1136 1219 1197 τοῦ
1241 1136 1384 1213 μεγίστου
1406 1132 1556 1197 κινδύνου
1571 1132 1777 1210 πανταχόθεν
1843 1131 1924 1196 231¹

341 1240 556 1320 ἐπικειμένου,
588 1244 641 1299 καί
663 1238 827 1320 διατριβῆν
848 1235 888 1299 οδ
910 1237 1054 1311 διδόντος
1075 1235 1143 1300 οὐδ’
1166 1234 1331 1319 α’ναβολὴν
1359 1239 1413 1301 τοῦ
1439 1238 1569 1318 καιροῦ,
1601 1238 1678 1319 φέρε
1708 1237 1746 1297 τά
1775 1236 1921 1317 παρόντα

343 1343 431 1407 δεινά
455 1347 509 1405 καί
537 1345 615 1423 πρὸς
639 1339 757 1414 τούτοις
788 1342 825 1402 τά
854 1340 970 1405 τούτων
997 1340 1258 1424 ἐπισκοπήσωμεν
1285 1342 1381 1403 αἴτια.
1410 1339 1457 1403 δτι
1478 1340 1514 1402 δὲ
1535 1341 1570 1403 τό
1592 1339 1717 1419 μᾶλλον
1739 1338 1847 1413 πιέζον
1869 1345 1924 1401 καί

342 1447 469 1527 μάλλον
495 1446 700 1528 προκαλεῖται
729 1448 782 1508 τόν
812 1444 917 1521 λόγον,
951 1445 1059 1528 α’ρίσιη
1091 1467 1122 1506 τε
1156 1444 1243 1518 τάξις
1276 1442 1453 1525 συμβουλῆς
1483 1442 1642 1524 ἔμφρονος
1671 1454 1835 1524 προειπεῖν
1861 1447 1923 1524 μὲν

342 1555 376 1614 τό
400 1553 529 1624 πάθος,
561 1550 674 1632 ἐφεξῆς
697 1548 733 1612 δὲ
754 1552 904 1629 γνωρίσαι
927 1552 964 1611 τά
987 1552 1042 1610 τοῦ
1065 1547 1195 1621 πάθους
1216 1546 1402 1627 έργαστικά,
1434 1552 1488 1609 καί
1516 1553 1618 1628 τρίτον
1644 1549 1699 1609 τόν
1729 1547 1848 1627 τρόπον
1869 1552 1923 1631 τῆς

345 1657 524 1737 θεραπείας
544 1654 731 1729 ἐπενεγκεῖν,
753 1652 881 1723 εἰκότως
904 1647 990 1733 ἡμεῖς
1012 1655 1084 1732 περί
1105 1655 1157 1727 τῆς
1178 1656 1232 1713 τοῦ
1256 1653 1368 1730 καιροῦ
1389 1649 1598 1735 χαλεπότητος
1620 1656 1673 1713 καὶ
1687 1657 1750 1714 ταῖν
1764 1653 1922 1733 έκταρασ-

345 1758 463 1822 σόντων
493 1757 608 1822 τούτων
641 1756 809 1838 φοβὴτρων
838 1759 891 1815 καὶ
921 1751 1147 1835 θορυβούντων
1179 1753 1261 1837 ἡμᾶς
1293 1754 1512 1834 διαλεξόμεθα
1543 1757 1704 1836 πρότερον,
1737 1756 1801 1818 εἷθ’
1822 1755 1923 1829 οὕτως

346 1863 404 1945 ῆδη
427 1863 480 1924 τδν
502 1859 597 1937 λόγον
620 1866 698 1940 πρὸς
719 1860 755 1922 τά
781 1858 876 1921 λοιπά
899 1860 1068 1939 τρέψομεν,
1095 1860 1136 1919 ίν’
1165 1857 1277 1920 εἰδεῖεν
1308 1862 1420 1939 σαφῶς
1449 1857 1481 1920 ολ
1510 1860 1547 1920 τά
1579 1859 1684 1921 πάντα
1707 1865 1846 1921 νεανικοί
1868 1864 1923 1923 καί

346 1967 425 2047 πρός
446 1963 540 2029 οὐδὲν
561 1962 678 2035 εἰδότες
699 1961 926 2044 ἐκπλήττεσθαι
949 1967 1011 2023 ταῖν
1033 1959 1144 2034 ἄλλοις
1166 1960 1280 2024 δεινοῖν
1300 1965 1343 2044 μὴ
1366 1962 1495 2044 σφόδρα
1518 1967 1701 2043 προχείρους
1731 1968 1784 2025 καί
1807 1978 1923 2045 ψοφο-

345 2070 425 2141 δεεῖς
447 2069 529 2152 ἡμᾶς
551 2069 643 2141 ὄντας
664 2066 738 2150 μηδ’
760 2066 827 2130 έκεῖ
846 2069 1064 2149 φοβουμένους
1086 2068 1202 2148 φόβον,
1237 2063 1275 2131 οὐ
1296 2069 1402 2150 φόβος
1423 2064 1480 2129 οὐκ
1510 2067 1618 2142 έσαν*,
1652 2065 1736 2128 α’λλά
1767 2070 1821 2127 καί
1848 2066 1925 2129 λίαν

347 2171 482 2250 εὐλόγως
508 2172 561 2235 έπὶ
587 2172 702 2246 τούτοις
734 2173 992 2254 θορυβουμένους
1022 2175 1075 2231 καί
1106 2173 1168 2231 τῶν
1198 2169 1304 2244 ἄλλως
1332 2170 1468 2250 ἐχόντων
1498 2170 1620 2253 πολλῆν
1645 2173 1704 2233 εἴτε
1725 2171 1842 2233 ἄνοιαν
1863 2173 1924 2234 εἴτε

346 2276 508 2340 άπόνοιαν
529 2276 660 2351 δικαίως
682 2277 981 2352 καταγινωσκοντας.
1026 2273 1116 2335 6τίνα
1132 2276 1237 2336 τοίνυν
1253 2272 1328 2355 ἡμῖν
1342 2275 1380 2335 τό
1401 2279 1456 2356 τὴν
1471 2279 1579 2358 ψυχὴν
1594 2275 1598 2362 Ι
1612 2276 1778 2350 ἐξιστάντα
1843 2276 1923 2340 232Ι

345 2387 398 2443 καί
418 2378 572 2463 τοσαύτην
594 2379 716 2443 δειλίαν
737 2391 800 2454 τοῖς
823 2378 982 2460 λογισμοῖς
1003 2379 1216 2461 έπιφέροντας
1251 2377 1338 2443 δεῦτε
1361 2375 1530 2454 ἀκούσατε,
1561 2385 1615 2441 καὶ
1636 2379 1825 2463 διηγήσομαι
1846 2376 1924 2459 ὑμῖν

346 2493 399 2552 τοῦ
421 2487 502 2551 θεοῦ
522 2487 559 2546 τά
582 2483 792 2565 θαυμάσια*·
814 2487 841 2546 τί
863 2484 891 2546 δ’
914 2482 1110 2547 ια’κούσατει
1133 2481 1215 2559 λέγω
1238 2487 1292 2544 καί
1316 2482 1563 2565 »διηγῆσομαιις
1595 2482 1675 2545 ἴδετε
1696 2487 1756 2562 μέν
1777 2479 1844 2559 οὐν,
1869 2487 1924 2544 καί

347 2590 543 2673 συνόψομαι·
575 2587 757 2668 μᾶλλονδὲ
778 2592 893 2669 μικροῦ
914 2586 1030 2660 πάντες
1050 2586 1223 2665 ἄνθρωποι
1246 2590 1299 2648 καί
1321 2585 1509 2669 ἑωράκαμεν
1524 2586 1584 2670 ῆδη
1606 2592 1660 2649 καὶ
1675 2586 1923 2668 πεπιστεύκαμεν

348 2734 391 2742 -
412 2700 444 2757 σί
465 2717 499 2771 γε
521 2694 775 2775 σωφρονέστερον
795 2691 915 2772 ἔχοντες
936 2727 980 2739 -
1002 2694 1055 2753 καί
1078 2687 1199 2773 ίρῶμεν
1220 2689 1266 2764 είς
1294 2692 1337 2752 ἔτι
1367 2695 1420 2753 καί
1453 2691 1603 2773 α’λλῆλοις
1636 2691 1818 2772 δεικνύομεν
1845 2692 1924 2771 μετὰ

349 2802 460 2882 φρίκης
482 2796 551 2876 ἅμα
576 2801 628 2858 καί
652 2795 833 2877 θαύματος·
859 2795 923 2876 ἔχει
946 2795 981 2858 δὲ
1002 2796 1036 2858 τό
1059 2800 1127 2856 πᾶν
1148 2792 1255 2867 οῦτως.

436 2900 545 2984 ἵἸωὴλ
566 2903 625 2981 μὲν
647 2899 665 2962 ὃ
689 2904 788 2975 θεῖος,
818 2902 872 2962 τόν
894 2898 996 2961 ἄλλον
1016 2898 1222 2982 παράκλητον
1242 2899 1466 2980 προθεσπίζων
1486 2901 1563 2983 ἡμῖν
1584 2902 1637 2964 em
1659 2906 1728 2973 τοὺς
1749 2905 1803 2965 τοῦ
1825 2900 1922 2977 λόγου

347 3004 496 3088 μαθηταῖς
517 3004 735 3088 ἐλευσόμενον,
756 3002 871 3083 τέρατά
893 3024 963 3066 τινα
985 3002 1098 3065 δάσειν
1119 3001 1155 3064 ἐν
1174 3000 1299 3087 οὐρανῷ
1315 3004 1384 3065 ἅνω
1406 3009 1458 3066 καὶ
1474 3016 1586 3087 σημεῖα
1608 3005 1662 3068 έπί
1685 3009 1737 3088 τῆς
1758 3010 1814 3089 γῆς
1835 3009 1923 3068 κάτω
1943 3081 1945 3085 ¹

347 3115 400 3173 τόν
423 3114 503 3171 θεόν
525 3110 658 3186 εἰσάγει*
690 3106 973 3187 ἐπαγγελλόμενον,
1005 3110 1059 3168 καί
1080 3110 1149 3167 τίνα
1170 3110 1267 3169 ταῦτα
1297 3105 1418 3181 δεικνύς
1446 3105 1539 3191 (αίμα
1568 3113 1622 3170 καὶ
1650 3114 1713 3188 πῦρ
1747 3110 1839 3192 φησί*
1873 3112 1929 3171 καί

347 3214 465 3295 ἀτμίδα
488 3214 629 3296 καπνοῦ)
662 3216 734 3294 περὶ
759 3210 932 3295 μεταβολῆς
959 3233 990 3272 τε
1020 3209 1195 3293 φωστῆρων
1225 3208 1400 3296 διαρρῆδην
1431 3212 1576 3293 προλέγει
1606 3218 1659 3275 καί
1687 3223 1755 3287 ταῖς
1777 3214 1925 3294 ἐσχάταις

349 3316 479 3402 ἡμέραις
501 3315 694 3395 ὑπισχνεῖται
716 3318 771 3399 τῆν
792 3316 930 3395 ἔκβασιν.
972 3311 1043 3376 ἀλλ’
1062 3312 1123 3377 δσα
1142 3317 1202 3396 μὶν
1225 3319 1297 3396 περί
1318 3317 1508 3396 πνεύματος,
1541 3317 1661 3390 έντελεῗς
1681 3317 1744 3395 ἔχει
1767 3321 1866 3399 πέρας
1888 3318 1925 3381 έν

348 3433 412 3496 τοῖς
433 3424 485 3485 τοῦ
506 3422 697 3500 πνεύματος,
725 3421 755 3482 εί
783 3423 836 3480 καί
864 3418 902 3481 τά
929 3421 984 3483 τοῦ
1006 3419 1181 3498 πνεύματος
1202 3418 1247 3493 είς
1269 3416 1467 3500 άπέραντον,
1499 3417 1538 3481 τὰ
1563 3420 1592 3482 δ’
1615 3420 1660 3493 είς
1682 3419 1761 3500 αίμα
1784 3428 1837 3483 καί
1859 3427 1924 3504 πῦρ

349 3531 402 3587 καί
431 3526 468 3586 τό
497 3524 615 3595 τούτοις
642 3521 786 3603 ἑπόμενα
816 3520 872 3601 οὐχ
902 3517 989 3605 ῆττον
1017 3524 1037 3605 ἡ
1065 3527 1141 3605 πρίν
1170 3519 1187 3584 ό
1218 3525 1297 3584 καθ’
1323 3524 1407 3606 ἡμᾶς
1436 3519 1528 3597 ούτος
1549 3524 1636 3607 ῆλιος
1654 3531 1708 3587 καί
1729 3531 1787 3591 νῦν
1807 3529 1925 3610 έφορᾷ,

349 3631 553 3713 πρῶτονμὲν
577 3627 581 3714 Ι
606 3625 697 3701 αὐτός
720 3626 853 3709 ὁραθείς
872 3626 976 3698 είδους
999 3626 1075 3689 ἄνευ
1105 3631 1158 3689 καί
1186 3625 1338 3702 κάλλους,
1370 3626 1388 3695 ό
1419 3627 1625 3709 τερπνότατος
1652 3635 1783 3693 πάντων
1847 3632 1927 3698 232¹

348 3736 411 3796 τάν
434 3728 605 3814 δρωμένων
637 3736 691 3792 καὶ
712 3731 886 3805 κάλλιστος,
918 3729 1010 3810 ἡνίκα
1033 3731 1066 3793 τό
1087 3733 1170 3811 μέγα
1192 3736 1244 3792 καί
1268 3730 1418 3812 λαμπρόν
1439 3737 1526 3797 τοῦτο
1552 3737 1621 3816 φῶς
1642 3734 1821 3812 άποβαλεῖν
1841 3736 1928 3799 έκιν-

350 3836 511 3911 δόνευσεν,
533 3835 687 3898 έκλείπων
709 3835 744 3897 ἐν
766 3834 904 3918 οὐρανῷ,
927 3835 1033 3897 ἔπειτα
1057 3833 1092 3896 δὲ
1114 3838 1168 3897 καί
1189 3835 1227 3897 τό
1251 3836 1422 3916 παράδοξα
1443 3840 1540 3925 ταῦτα
1563 3840 1638 3919 παρ’
1654 3837 1729 3921 ἡμῖν
1751 3844 1808 3905 νῦν
1829 3839 1927 3922 ὁρῶν,

350 3942 426 4020 παρ’
450 3939 533 4022 ἡμῖν,
568 3938 595 4001 ὦ
615 3939 795 4020 ταλαίπωρε
816 3942 906 4015 γενεά
932 3944 994 4002 τῶν
1015 3941 1073 4001 νῦν
1096 3937 1228 4014 ζεόντων,
1261 3941 1306 4014 ελς
1328 3942 1383 4016 οῦς
1407 3942 1443 4004 τὰ
1469 3943 1601 4025 δίστηνα
1623 3944 1693 4027 τέλη
1715 3947 1778 4006 τάν
1800 3945 1928 4007 αίαίνων

349 4045 564 4128 κατῆντησεν*.
592 4045 653 4107 ἔστι
676 4043 711 4108 δὲ
733 4046 770 4106 τά
793 4042 967 4124 παράδοξα
988 4044 1025 4104 τό
1048 4042 1084 4105 έν
1105 4044 1183 4126 όψει
1205 4042 1244 4127 δὴ
1266 4051 1378 4109 ταῦτα’
1406 4050 1505 4128 πυρός
1526 4050 1585 4126 μὲν
1606 4048 1675 4130 ἴχνη
1698 4047 1814 4123 πολλά,
1837 4049 1929 4124 δέους

350 4171 379 4210 τε
403 4152 456 4209 καί
479 4152 591 4230 φρίκης
610 4149 706 4228 μεστά
730 4147 895 4228 πολλαχοῦ
918 4147 1123 4228 θεωρούμενα
1152 4149 1230 4208 καθ’
1252 4147 1334 4232 άπερ
1367 4155 1510 4234 σκηπτῶν
1540 4153 1560 4232 ῆ
1587 4156 1752 4229 κεραυνῶν
1781 4153 1926 4232 έμβολαί,

350 4258 392 4339 τηῖ
416 4259 469 4317 τοῦ
493 4255 593 4335 πυρός
614 4254 788 4337 δραστηρίῳ
811 4260 843 4315 τι)
868 4254 920 4334 τῆς
941 4251 1058 4335 πληγῆς
1081 4257 1379 4333 συνυπεμφαίνοντα
1394 4258 1511 4333 βίαιον,
1534 4259 1586 4315 καὶ
1609 4254 1710 4318 διττόν
1731 4278 1800 4318 τινα
1825 4259 1929 4339 φόβον

349 4357 549 4440 ἑκατέρωθεν
570 4357 799 4437 ἐπιβάλλοντα,
828 4360 916 4418 τοῦτο
938 4358 1007 4436 μέν,
1042 4358 1088 4418 δτι
1111 4358 1193 4435 πῦρ,
1223 4361 1312 4420 τοῦτο
1335 4361 1373 4435 δ’,
1403 4358 1449 4421 δτι
1472 4363 1526 4419 καί
1546 4360 1639 4436 βέλος
1659 4364 1692 4421 τδ
1716 4368 1929 4445 κατασκῆφαν

349 4463 393 4535 είς
415 4463 452 4524 τά
476 4460 633 4545 ὁρώμενα.
680 4457 785 4522 8α’λλύ
816 4462 899 4542 πῦρ,
933 4459 1017 4522 ἀλλὰ
1047 4460 1139 4538 βέλος
1169 4499 1211 4508 -
1238 4464 1357 4542 βαβαὶ*
1384 4467 1435 4545 τῆς
1463 4461 1597 4546 ἀπειλῆς
1629 4461 1671 4537 (ῦς
1701 4463 1865 4548 φρικιόδης
1886 4505 1930 4514 -

350 4565 430 4630 οὕτω
452 4591 480 4628 τι
501 4565 646 4648 σφοδρὸν
677 4569 730 4626 καὶ
752 4563 919 4648 ῥαγδαῖον,
950 4561 992 4636 ὥς
1019 4569 1072 4625 καὶ
1102 4566 1217 4646 πέτρας
1248 4565 1366 4650 ῥαδίως
1394 4567 1544 4632 ἐκκαῦσαι
1576 4571 1629 4629 καὶ
1660 4567 1845 4651 δαπανῆσαι
1875 4572 1931 4650 τῆν

349 4670 624 4754 σκληράνταότην
646 4670 816 4752 φύσινκαὶ
838 4667 980 4749 στερράν,
1011 4658 1067 4730 καί
1086 4666 1256 4733 α’ντίτυπαν
1284 4669 1354 4733 α’πό
1379 4693 1410 4732 τε
1438 4675 1493 4738 τοῦ
1519 4669 1684 4754 χράματος
1717 4670 1786 4735 α’πό
1815 4697 1845 4736 τε
1874 4680 1931 4737 τοῦ

421 4820 546 4888 ςΡιεΙιιι
566 4839 627 4890 της
654 4821 659 4884 Ι
684 4819 807 4874 έΡεείω
827 4821 854 4879 ξε
874 4824 903 4873 16
931 4817 934 4890 Ι
963 4820 1145 4888 710012‚3o
1170 4818 1174 4888 Ι
1202 4820 1350 4888 700rinth
1370 4842 1388 4875 α
1408 4841 1446 4889 10,
1466 4842 1492 4877 ιτ
1521 4821 1525 4895 Ι
1552 4821 1666 4891 8βαβαί
1690 4839 1725 4878 ex
1743 4827 1827 4891 βαβαῖ
1844 4840 1934 4880 eorre-

350 4893 427 4946 ctum
445 4891 558 4948 uidetur
576 4910 592 4946 a
610 4891 643 4948 0¹
664 4891 831 4946 θίαδωπαπδ
