4560 6172
203 544 292 614 1⁸⁰
317 546 402 615 1⁸1
1732 547 1793 612 137

201 719 416 800 προσανέχον,
438 714 508 777 ὅσοι
530 738 562 777 τε
583 714 830 799 προσεδρεύουσι
852 712 1040 797 φιλοπόνως
1061 716 1224 792 δνταύθα,
1253 717 1342 781 τοῦτο
1363 716 1465 796 μόνον
1487 717 1608 796 ἔχοντες
1628 721 1710 800 βίον,
1741 722 1799 803 τήν

202 826 261 906 σήν
283 822 320 884 έν
339 818 421 906 τῷδε
441 822 485 903 τῷ
511 822 591 905 θείφ
614 825 670 881 καὶ
691 823 792 904 μεστῷ
815 821 952 899 χαρίτων
981 824 1051 905 ναῷ
1082 840 1139 883 σου
1168 820 1318 900 λατρείαν
1346 824 1400 881 καὶ
1421 823 1613 900 θεραπείαν,
1645 826 1701 884 καὶ
1723 821 1795 885 ὅσοι

202 931 239 1017 τή
261 929 301 1014 σή
323 926 476 1010 παροικίᾳ
496 924 589 1013 ταύτη
604 922 886 1006 ,προσπεφευγότες
908 922 1083 1000 ἀνέκαθεν,
1116 923 1178 989 ὐπδ
1200 925 1257 998 τοὶς
1278 926 1337 998 σοὶς
1357 920 1514 1006 ἀσφαλεῖς
1535 962 1578 973 -
1604 928 1696 1007 μέχρι
1717 928 1797 1002 γοῦν

202 1034 265 1094 τόν
287 1029 439 1110 χαλεποῖο
460 1032 582 1107 καιρῶν
603 1028 720 1092 τούτων
741 1065 779 1076 -
807 1026 1006 1092 ἀνεπαύοντο
1029 1032 1201 1111 πτέρυγας,
1229 1028 1281 1090 ἐπ’
1309 1026 1417 1091 δλπίδι
1445 1032 1481 1118 τή
1511 1032 1591 1109 πρδς
1619 1033 1655 1091 σε
1684 1051 1794 1093 κατοι-

200 1140 335 1213 κοῦντες,
358 1139 410 1194 καὶ
423 1133 478 1216 τήν
492 1136 550 1214 σήν
566 1129 780 1220 αὐθεντ[ε]ίαν
800 1133 880 1214 ὑπὲρ
904 1137 973 1194 πᾶν
994 1132 1076 1195 ἀλλο
1093 1133 1219 1195 δίκαιον
1233 1136 1286 1194 καὶ
1301 1137 1412 1196 πᾶσαν
1427 1131 1611 1215 φιλοτιμίαν
1632 1138 1798 1215 πανταχοῦ

200 1236 472 1324 προβαλλόμενοι.
505 1238 533 1298 τί
564 1233 623 1298 οὐν
657 1237 797 1309 ἀπαντες
830 1232 932 1314 οὗτοις
976 1240 1005 1299 τί
1038 1237 1068 1300 δ’
1101 1237 1119 1321 ή
1154 1235 1258 1320 κύκλῳ
1291 1241 1484 1318 περίχωροςς
1527 1235 1547 1320 ή
1582 1237 1722 1321 έπαρχία
1758 1239 1796 1301 δὲ

201 1345 208 1431 ff
233 1350 341 1421 πάσας
362 1339 441 1404 τόδε
462 1338 544 1423 τήδε,
567 1338 637 1401 τόδ’
661 1338 714 1402 έπλ
735 1339 830 1419 τόδες
860 1341 894 1403 τό
918 1340 953 1403 δὲ
985 1346 1054 1404 πᾶν
1082 1340 1195 1414 ἀπλῶς
1224 1342 1322 1415 ἔθνος
1351 1345 1385 1403 τό
1402 1345 1566 1420 Ιθεοσεβὲς
1596 1348 1650 1405 καλ
1716 1345 1793 1411 183¹

201 1447 416 1532 φιλόχριστον,
439 1447 472 1507 τδ
495 1447 594 1524 τιμῶν
614 1443 777 1519 τοιαύταις
797 1455 901 1525 τιμαίς
921 1448 977 1527 τήν
999 1444 1058 1529 σήν
1078 1444 1351 1528 ὐπερθαύμαστον
1372 1449 1426 1507 καὶ
1440 1445 1660 1524 μεγαλόδοξον
1680 1450 1793 1530 χάρινς

202 1548 242 1617 οὐ
262 1553 296 1614 τδ
318 1554 378 1631 μὲν
404 1588 442 1597 -
467 1550 676 1629 ἀκριμοὶτων
698 1550 851 1628 προνοίας
873 1546 1108 1632 ἀκαταλήπτων
1138 1588 1173 1598 -
1204 1547 1351 1627 ἀσεβέσιν
1372 1548 1481 1612 ἔθνεσι
1504 1551 1734 1632 παραδέδοται,
1756 1554 1793 1615 τό

204 1656 235 1718 δ’
258 1653 353 1721 οὐδὲν
376 1654 491 1734 σχεδὸν
514 1653 716 1735 ἀνεκτότερον
737 1651 799 1715 ὑπδ
823 1656 886 1714 τόιν
901 1652 1074 1735 ὁμοφύλων
1094 1654 1297 1734 ταλαιπωρεί.
1342 1652 1448 1736 81οἲχρι
1463 1655 1555 1728 τίνος,
1578 1657 1648 1731 ἅγιε
1661 1660 1795 1736 μα’ρτυς,

203 1760 280 1840 ἄχρι
302 1761 386 1831 τίνος
410 1756 489 1822 οὕτω
515 1756 818 1838 κακοπαθήσουσινς
840 1757 931 1836 ἄχρις
944 1761 986 1818 ἀν
1001 1759 1228 1839 έξερημωθιὸσι
1244 1756 1352 1830 πόλεις
1375 1758 1407 1843 (δ
1422 1759 1680 1843 προηπείληται*)
1703 1761 1793 1842 παρδ

204 1865 238 1926 τδ
269 1865 312 1944 μή
343 1863 426 1924 είναι
457 1865 529 1935 τούς
557 1865 780 1933 κατοικοῦντας
811 1861 847 1923 έν
876 1859 1002 1939 αὐταϊςς
1040 1866 1094 1923 καὶ
1124 1867 1186 1926 ποῦ
1215 1866 1254 1924 τοὶ
1283 1861 1509 1943 φιλάνθρωπα
1538 1863 1706 1942 σπλοῖγχνα
1736 1868 1790 1928 σοι’

205 1964 338 2044 ἀγαθοῦ
367 1967 421 2028 τοῦ
456 1966 499 2047 μή
537 1966 607 2036 τούς
643 1963 826 2037 ἐλπίζοντας
861 1965 911 2027 ἀπ’
941 1964 1036 2030 αὐτόν
1075 1965 1408 2045 έγκαταλιμποὲνοντος
1442 1966 1523 2048 μηδὲ
1560 1972 1791 2049 συγχωροῦντος

205 2073 422 2153 πειρασθῆναι
444 2067 568 2152 μηδένα
589 2066 668 2147 ὑπὲρ
690 2069 709 2131 δ
732 2066 899 2132 δυναται*·
922 2071 952 2132 εί
972 2070 1001 2131 δ’
1024 2070 1220 2134 ἐναντιοῦται
1241 2074 1275 2133 τδ
1299 2068 1426 2152 πλήθος
1447 2074 1499 2152 τῆς
1521 2073 1693 2153 πονηρίας,
1728 2068 1793 2153 ήτες

201 2178 264 2238 νῦν
284 2173 327 2250 ὥς
348 2172 513 2238 οὐπώποτε
534 2176 577 2257 τῷ
600 2171 800 2257 ἀνθρωπίνῳ
821 2176 881 2257 βίῳ
903 2172 1134 2250 ἐνδυναστεύει,
1171 2173 1257 2237 ἀλλὰ
1287 2177 1351 2237 πού
1379 2178 1413 2236 τό
1442 2177 1501 2236 σδν
1529 2171 1630 2247 αὐθις
1657 2178 1731 2256 περὶ
1752 2177 1790 2236 τά

205 2281 333 2342 τοιαῦτα
358 2279 559 2357 θερμουργδν
581 2279 635 2337 καὶ
657 2275 848 2359 δραστήριον
855 2304 867 2354 ,·
895 2280 957 2341 πού
978 2277 1008 2340 δ’
1031 2275 1049 2340 ό
1071 2279 1172 2352 οἶκτος
1193 2278 1312 2351 ἐκεῖνος
1339 2276 1356 2340 ὁ
1386 2281 1466 2360 πρός
1495 2277 1586 2341 ἀπαν
1607 2278 1642 2340 τό
1665 2278 1792 2357 πόσχον

207 2389 261 2447 καλ
282 2382 462 2462 ἀνιώμενον
468 2409 481 2460 ,·
503 2385 565 2444 ποῦ
587 2379 644 2464 δή
661 2385 821 2464 παρρησία
837 2386 890 2443 καλ
906 2378 924 2463 ή
942 2384 1107 2462 πρεσβείας
1123 2383 1252 2468 1τότῶν
1269 2381 1450 2460 θαυμοῖτων
1465 2381 1501 2443 δὲ
1516 2386 1647 2464 σμήνοςς
1714 2384 1792 2447 183²

207 2493 262 2552 καί
284 2489 315 2552 τδ
338 2490 390 2570 τής
411 2487 567 2567 βοηθείας
589 2485 682 2562 τάχος
704 2501 753 2547 σοι
776 2491 855 2562 ποῦς
890 2483 1007 2566 ἳλόρής
1030 2485 1067 2550 οὐ
1089 2486 1258 2569 προήχθην
1284 2485 1441 2558 ἀπονοίας
1470 2491 1524 2546 καὶ
1551 2484 1682 2569 τόλμης·
1716 2486 1792 2549 δέον

206 2593 309 2676 μόνον
331 2591 462 2654 δεῖσθαι
484 2593 537 2649 καλ
559 2583 713 2663 ἱκετεύειν,
737 2589 1013 2667 δικαιολογεῖσθαι
1034 2591 1217 2674 τεθόρρηκα
1239 2594 1293 2652 καὶ
1308 2588 1375 2652 οίον
1390 2587 1536 2666 έγκαλεῐν
1556 2613 1588 2653 τε
1609 2595 1663 2652 καλ
1685 2613 1792 2673 παρα·

205 2698 412 2780 μέμφεσθαι·
445 2692 634 2769 ἀνεξίκακον
654 2694 716 2774 γόρ
739 2710 789 2756 σοι
811 2700 865 2756 καλ
886 2695 941 2777 τήν
964 2695 1062 2777 φύσιν
1085 2693 1160 2757 ολδα
1191 2699 1245 2756 καὶ
1282 2695 1337 2778 τήν
1364 2696 1563 2775 προαίρεσιν·
1599 2694 1681 2757 ὅθεν
1702 2695 1736 2757 ἔκ
1759 2720 1790 2759 τε

207 2808 260 2885 τής
281 2804 411 2874 πίστεως
433 2800 467 2862 ἔκ
489 2822 519 2861 τε
541 2801 593 2880 τής
614 2794 756 2880 ἀνοίγκης
778 2799 987 2881 έξεβιάσθην·
1020 2797 1090 2861 ἀλλ’
1113 2798 1208 2872 αὐτὸς
1229 2802 1310 2879 πρός
1331 2797 1498 2882 ἀμφότερα
1521 2802 1691 2880 συμπαθὲς
1713 2798 1792 2862 ἀπε·

208 2907 284 2983 δοόν,
305 2908 360 2989 τήν
381 2908 484 2967 πίστιν
505 2925 537 2966 τε
559 2901 650 2975 δέξαι
673 2907 726 2963 καῖ
747 2905 802 2985 τήν
824 2900 968 2987 ἀνάγκην
991 2902 1089 2966 λῦσον
1110 2902 1164 2966 διὰ
1187 2904 1243 2986 τήν
1265 2907 1385 2966 πίστιν·
1419 2908 1514 2986 στήθι
1536 2905 1689 2985 πρέσβυς*
1711 2908 1792 2987 θερ-

206 3011 339 3094 μότατος
360 3008 439 3088 ὑπὲρ
461 3008 581 3086 κόσμου
603 3010 878 3087 κακουχουμένου,
910 3013 963 3069 καὶ
991 3010 1089 3090 στήτω
1120 3008 1164 3081 ελς
1185 3005 1288 3089 αὐραν
1311 3007 1327 3090 ἡ
1350 3013 1414 3070 τῶν
1435 3007 1611 3091 συμφορῶν
1641 3013 1791 3082 καταιγίς.

207 3116 407 3197 ἐπιτίμησον*
429 3111 489 3195 ήδη
511 3120 575 3183 τοίς
597 3106 728 3189 ἀνέμοις
749 3114 813 3173 τῶν
835 3117 1030 3193 πειρασμῶν,
1060 3117 1114 3173 καὶ
1135 3113 1306 3174 κοπασάτω
1328 3117 1423 3176 ταῦτα
1445 3115 1482 3176 τά
1506 3117 1650 3195 κύματα·
1685 3114 1791 3190 δεῖξον

207 3223 251 3284 ἔτι
273 3224 327 3283 καί
349 3223 408 3281 νύν
428 3221 482 3300 τήν
505 3218 594 3296 ίσχύν
615 3219 668 3296 τής
690 3216 744 3296 σής
774 3216 974 3291 δυναστείας,
1002 3221 1057 3277 καὶ
1087 3215 1197 3302 πολλῷ
1226 3216 1352 3296 μᾶλλον
1380 3221 1449 3293 νόν,
1483 3217 1520 3278 έν
1548 3230 1671 3301 καιροῖς
1701 3242 1791 3301 περι-

206 3326 347 3390 στόσεων
369 3322 528 3386 πλειόνων
549 3325 603 3382 καὶ
624 3323 815 3402 βαρυτέρων,
839 3324 918 3400 μίαν
940 3322 1076 3396 ἔντευξιν
1097 3323 1139 3383 ε’τι
1161 3324 1241 3405 πρὸς
1262 3323 1345 3384 θεόν
1366 3319 1443 3405 ήμτν
1461 3324 1602 3403 χάρισαι,
1625 3325 1790 3405 ἐπωφελε-

205 3429 320 3514 στάτην
341 3427 477 3511 ἀληθῶς
497 3430 552 3487 καὶ
573 3425 737 3506 σωτήριον,
766 3430 819 3486 καλ
840 3424 969 3509 είρήνην
985 3429 1045 3505 μὲν
1067 3427 1206 3499 ἔθνεσιν,
1240 3423 1391 3507 εὐνομίαν
1413 3420 1599 3501 δὲ’πόλεοι,
1629 3427 1790 3506 βασιλεῦσι

206 3534 329 3616 κρότος,
355 3531 504 3607 εὐταξίαν
525 3530 741 3613 προπόμασι,
764 3530 908 3615 καρήποῐς
928 3526 1095 3612 εὐφορίαν,
1118 3527 1241 3604 εὐεξίαν
1254 3540 1318 3603 τοῖς
1334 3528 1434 3615 ζηίοις,
1457 3531 1648 3594 κατόστασιν
1713 3535 1791 3599 184¹

206 3641 284 3701 καθ’
307 3638 384 3701 ὅλου
405 3647 469 3709 τοίς
492 3635 657 3717 πράγμασι
680 3640 733 3696 καλ
754 3635 896 3717 γαλήνην
910 3638 952 3720 τῷ
966 3632 1074 3718 κόσμῳ
1090 3636 1252 3714 σταθερὰν
1265 3637 1453 3717 βρόβευσον,
1477 3633 1520 3708 ὥς
1544 3637 1587 3697 ἀν
1603 3634 1790 3716 ἐλευθερίας

204 3742 346 3823 τυχόντες
368 3746 422 3804 καὶ
444 3742 496 3823 τής
517 3744 580 3802 τῶν
595 3738 778 3803 λυπούντων
793 3739 908 3803 τούτων
923 3736 1122 3821 ἀπαλλαγῆς,
1145 3734 1321 3802 κάντεῦθεν
1335 3737 1498 3812 εὐέλπιδες
1511 3739 1673 3820 γενόμενοι
1690 3741 1790 3804 πλέον

204 3854 257 3911 καλ
280 3853 351 3930 περὶ
372 3849 425 3929 τής
446 3846 573 3908 έκείθεν
594 3845 629 3906 δκ
652 3849 709 3908 σού
738 3842 1001 3925 προσδοκωμένης
1029 3842 1105 3924 ήμτν
1131 3842 1315 3923 ἐπικουρίας
1345 3849 1398 3905 καὶ
1429 3849 1620 3925 προστασίας
1651 3840 1703 3931 (οὐ
1735 3852 1790 3910 καὶ

200 3952 328 4036 μᾶλλον
350 3951 497 4031 δεόμεθα
521 3951 575 4014 διό
598 3952 653 4013 τόν
676 3950 772 4021 ὄντως
795 3949 926 4028 ἔσχατον
947 3950 1010 4010 τῶν
1032 3945 1212 4030 κινδύνων),
1234 3948 1477 4029 προθυμότερον
1491 3950 1534 4012 ότι
1555 3966 1604 4012 σοι
1626 3954 1680 4011 καὶ
1695 3950 1789 4032 φιλο-

203 4059 362 4138 τιμότερον
384 4056 520 4136 τελῶμεν
541 4059 578 4119 τά
600 4054 798 4137 χαριστήρια,
817 4052 1047 4132 μεγαλύνοντες
1062 4051 1131 4132 οἶμα
1144 4054 1291 4114 τὸνθεόν
1305 4056 1358 4135 τής
1371 4052 1494 4137 ελρήνης
1515 4056 1569 4114 καλ
1584 4056 1637 4117 τοῦ
1652 4053 1788 4130 έλέους*,

201 4166 256 4225 τόν
276 4160 312 4224 δν
334 4165 429 4241 πατρὶ
452 4166 506 4222 καὶ
528 4156 588 4246 υἱῷ
611 4165 664 4221 καὶ
687 4158 766 4242 ἀγίῳ
782 4156 936 4237 πνεύματι
949 4156 1235 4238 προσκυνούμενον,
1259 4155 1300 4220 δι’
1316 4157 1354 4219 ὃν
1368 4155 1461 4230 αὐτός
1479 4161 1607 4223 τοιαῦτα
1623 4157 1787 4240 ήγοίνισαι,

200 4271 254 4327 καλ
277 4267 354 4347 παρ’
375 4260 413 4330 οὗ
435 4269 568 4330 τοιαῦτα
592 4263 777 4338 δεδόξασαι,
800 4261 846 4322 ὅτι
869 4259 954 4345 αὐτῷ
978 4264 1068 4323 πάσα
1092 4260 1173 4335 δόξα
1196 4265 1250 4322 καὶ
1273 4262 1342 4343 τιμή
1359 4265 1483 4343 πρέπει,
1507 4266 1564 4327 νῦν
1586 4268 1639 4326 καὶ
1660 4263 1711 4325 ἀεὶ
1733 4269 1787 4327 καλ

197 4369 245 4442 είς
265 4374 337 4442 τούς
360 4369 483 4443 αίῶνας
504 4373 567 4432 τοῖν
589 4367 728 4433 αλιόνων.
773 4364 868 4448 ἀμήν.

286 4476 378 4543 181.
412 4471 567 4559 ΙἸωοὶννου
591 4477 643 4537 τοῦ
665 4470 840 4549 όγιωτότου
869 4470 1097 4552 μητροπολίτου
1120 4469 1283 4549 Εὐχαίτων
1313 4469 1407 4547 λόγος
1434 4472 1479 4546 είς
1509 4474 1564 4556 τήν
1584 4470 1712 4556 μνήμην
1734 4478 1789 4541 τοῦ

196 4574 337 4658 μεγόλου
359 4578 600 4661 τροπαιοφόρον
621 4578 698 4658 μετὰ
721 4576 822 4656 τρίτην
844 4570 966 4654 ήμέραν
987 4578 1044 4635 τοό
1064 4573 1173 4654 πάσχα
1196 4573 1384 4658 τελουμένην
1405 4574 1466 4640 εὐ.

288 4679 340 4743 ιὉ
362 4680 470 4764 κύριος
491 4682 705 4765 ἐβασίλευσα·
729 4677 944 4756 ἀγαλλιάσθω
967 4678 985 4761 ή
1008 4680 1080 4762 75?-
1105 4681 1174 4740 τίνα
1197 4679 1259 4762 γάρ
1281 4681 1324 4740 όν
1344 4681 1465 4763 έξεύροι
1486 4703 1531 4754 τις
1550 4679 1662 4762 ἑτέραν
1683 4681 1786 4768 ἀρχήν

269 4853 297 4886 τι
318 4833 407 4889 Ιοτοαι
427 4839 458 4888 26
474 4834 541 4904 (λγ),
560 4853 575 4902 9
591 4836 596 4900 Ι
612 4852 640 4886 21
661 4831 778 4887 Corinth
799 4850 816 4882 α
836 4849 875 4894 ιο,
894 4849 921 4897 13
938 4832 943 4894 Ι
959 4849 989 4884 22
1007 4836 1116 4901 πρισβις
1135 4831 1222 4887 codex
1239 4833 1244 4901 Ι
1260 4850 1289 4884 22
1306 4830 1400 4885 Matth
1418 4838 1442 4897 8,
1460 4839 1490 4886 τί
1506 4834 1511 4899 Ι
1527 4852 1556 4886 22
1576 4831 1652 4888 Hebr
1672 4852 1711 4900 13,
1728 4832 1783 4909 κοή

194 4921 212 4955 ο
230 4906 258 4957 έν
276 4904 379 4971 codex,
406 4905 428 4958 ἰ’
447 4923 531 4976 super
550 4926 564 4957 ο
584 4904 711 4974 scripto!
728 4923 739 4955 1
761 4901 853 4958 Palm
871 4900 906 4964 (λς
926 4921 937 4954 x

1421 5013 1465 5075 18
