<?xml version="1.0" encoding="UTF-8"?>
<!DOCTYPE html PUBLIC "-//W3C//DTD XHTML 1.0 Transitional//EN"
    "http://www.w3.org/TR/xhtml1/DTD/xhtml1-transitional.dtd">
<html xmlns="http://www.w3.org/1999/xhtml" xml:lang="en" lang="en">
 <head>
  <title>
</title>
<meta http-equiv="Content-Type" content="text/html;charset=utf-8" />
  <meta name='ocr-system' content='tesseract 3.04.00' />
  <meta name='ocr-capabilities' content='ocr_page ocr_carea ocr_par ocr_line ocrx_word'/>
</head>
<body>
  <div class='ocr_page' id='page_1' title='image "./iohanniseuchait00vatigoog_0121.png"; bbox 0 0 4560 6172; ppageno 0'>
   <div class='ocr_carea' id='block_1_1' title="bbox 340 504 383 570">
    <p class='ocr_par' dir='ltr' id='par_1_1' title="bbox 340 504 383 570">
     <span class='ocr_line' id='line_1_1' title="bbox 340 504 383 570; baseline -0.023 0"><span class='ocrx_word' id='word_1_1' title='bbox 340 504 383 570; x_wconf 80' lang='lat'><strong><em>84</em></strong></span> 
     </span>
    </p>
   </div>
   <div class='ocr_carea' id='block_1_2' title="bbox 341 663 1991 4492">
    <p class='ocr_par' dir='ltr' id='par_1_2' title="bbox 341 663 1991 1170">
     <span class='ocr_line' id='line_1_2' title="bbox 343 663 1942 757; baseline -0.007 -19"><span class='ocrx_word' id='word_1_2' title='bbox 343 676 520 757; x_wconf 78' lang='grc' dir='ltr'><strong><em>συμφορῶν</em></strong></span> <span class='ocrx_word' id='word_1_3' title='bbox 542 673 823 753; x_wconf 78' lang='grc' dir='ltr'><strong><em>καταπονηθετσα,</em></strong></span> <span class='ocrx_word' id='word_1_4' title='bbox 845 672 899 731; x_wconf 76' lang='grc' dir='ltr'><strong><em>καί</em></strong></span> <span class='ocrx_word' id='word_1_5' title='bbox 922 669 977 733; x_wconf 76' lang='grc' dir='ltr'><strong><em>διὰ</em></strong></span> <span class='ocrx_word' id='word_1_6' title='bbox 1000 674 1088 734; x_wconf 80' lang='grc' dir='ltr'><strong><em>τούτο</em></strong></span> <span class='ocrx_word' id='word_1_7' title='bbox 1113 674 1231 733; x_wconf 83' lang='grc' dir='ltr'><strong><em>θάττον</em></strong></span> <span class='ocrx_word' id='word_1_8' title='bbox 1254 667 1515 748; x_wconf 82' lang='grc' dir='ltr'><strong><em>άπαγορεύσασα.</em></strong></span> <span class='ocrx_word' id='word_1_9' title='bbox 1562 666 1640 727; x_wconf 71' lang='grc' dir='ltr'><strong><em>ὓκαί</em></strong></span> <span class='ocrx_word' id='word_1_10' title='bbox 1662 682 1712 728; x_wconf 90' lang='grc' dir='ltr'><strong><em>σοι</em></strong></span> <span class='ocrx_word' id='word_1_11' title='bbox 1735 663 1752 727; x_wconf 87' lang='grc' dir='ltr'><strong><em>ό</em></strong></span> <span class='ocrx_word' id='word_1_12' title='bbox 1777 665 1855 737; x_wconf 80' lang='grc' dir='ltr'><strong><em>θεὸς</em></strong></span> <span class='ocrx_word' id='word_1_13' title='bbox 1876 667 1942 727; x_wconf 79' lang='grc' dir='ltr'><strong><em>τῶν</em></strong></span> 
     </span>
     <span class='ocr_line' id='line_1_3' title="bbox 342 767 1991 860; baseline -0.007 -20"><span class='ocrx_word' id='word_1_14' title='bbox 342 778 478 841; x_wconf 85' lang='grc' dir='ltr'><strong><em>δικαίων</em></strong></span> <span class='ocrx_word' id='word_1_15' title='bbox 500 774 542 848; x_wconf 77' lang='grc' dir='ltr'><strong><em>ὥς</em></strong></span> <span class='ocrx_word' id='word_1_16' title='bbox 565 780 618 837; x_wconf 74' lang='grc' dir='ltr'><strong><em>καὶ</em></strong></span> <span class='ocrx_word' id='word_1_17' title='bbox 646 773 760 856; x_wconf 83' lang='grc' dir='ltr'><strong><em>δικαίῳ</em></strong></span> <span class='ocrx_word' id='word_1_18' title='bbox 791 776 841 855; x_wconf 74' lang='grc' dir='ltr'><strong><em>τῆς</em></strong></span> <span class='ocrx_word' id='word_1_19' title='bbox 871 772 1072 858; x_wconf 77' lang='grc' dir='ltr'><strong><em>δικαιοσύνης</em></strong></span> <span class='ocrx_word' id='word_1_20' title='bbox 1094 774 1163 857; x_wconf 90' lang='grc' dir='ltr'><strong><em>δοίη</em></strong></span> <span class='ocrx_word' id='word_1_21' title='bbox 1185 775 1240 835; x_wconf 84' lang='grc' dir='ltr'><strong><em>τόν</em></strong></span> <span class='ocrx_word' id='word_1_22' title='bbox 1263 777 1427 860; x_wconf 83' lang='grc' dir='ltr'><strong><em>στέφανονΙ</em></strong></span> <span class='ocrx_word' id='word_1_23' title='bbox 1445 771 1480 832; x_wconf 87' lang='grc' dir='ltr'><strong><em>έν</em></strong></span> <span class='ocrx_word' id='word_1_24' title='bbox 1503 767 1605 852; x_wconf 73' lang='grc' dir='ltr'><strong><em>ἡμέρᾳ</em></strong></span> <span class='ocrx_word' id='word_1_25' title='bbox 1626 769 1850 851; x_wconf 80' lang='grc' dir='ltr'><strong><em>έπιφανείας*,</em></strong></span> <span class='ocrx_word' id='word_1_26' title='bbox 1885 771 1942 831; x_wconf 81' lang='grc' dir='ltr'><strong><em>καί</em></strong></span> <span class='ocrx_word' id='word_1_27' title='bbox 1985 792 1991 809; x_wconf 90' lang='grc'><em>·</em></span> 
     </span>
     <span class='ocr_line' id='line_1_4' title="bbox 341 868 1940 964; baseline -0.008 -20"><span class='ocrx_word' id='word_1_28' title='bbox 341 879 511 964; x_wconf 90' lang='grc' dir='ltr'><strong><em>χαρίσαιτό</em></strong></span> <span class='ocrx_word' id='word_1_29' title='bbox 539 895 572 942; x_wconf 88' lang='grc' dir='ltr'><strong><em>σε</em></strong></span> <span class='ocrx_word' id='word_1_30' title='bbox 601 881 656 940; x_wconf 80' lang='grc' dir='ltr'><strong><em>καὶ</em></strong></span> <span class='ocrx_word' id='word_1_31' title='bbox 678 874 776 950; x_wconf 84' lang='grc' dir='ltr'><strong><em>αὖθις</em></strong></span> <span class='ocrx_word' id='word_1_32' title='bbox 798 885 862 950; x_wconf 75' lang='grc' dir='ltr'><strong><em>τοῖς</em></strong></span> <span class='ocrx_word' id='word_1_33' title='bbox 884 878 1050 962; x_wconf 73' lang='grc' dir='ltr'><strong><em>αἰσθητοῖς</em></strong></span> <span class='ocrx_word' id='word_1_34' title='bbox 1074 875 1162 960; x_wconf 71' lang='grc' dir='ltr'><strong><em>ἡμῶν</em></strong></span> <span class='ocrx_word' id='word_1_35' title='bbox 1187 877 1393 958; x_wconf 79' lang='grc' dir='ltr'><strong><em>δφθαλμοτς,</em></strong></span> <span class='ocrx_word' id='word_1_36' title='bbox 1434 880 1488 937; x_wconf 87' lang='grc' dir='ltr'><strong><em>ίνα</em></strong></span> <span class='ocrx_word' id='word_1_37' title='bbox 1515 881 1569 937; x_wconf 74' lang='grc' dir='ltr'><strong><em>καὶ</em></strong></span> <span class='ocrx_word' id='word_1_38' title='bbox 1599 870 1845 959; x_wconf 77' lang='grc' dir='ltr'><strong><em>πνευματ[ι]κῶν</em></strong></span> <span class='ocrx_word' id='word_1_39' title='bbox 1867 868 1940 949; x_wconf 79' lang='grc' dir='ltr'><strong><em>ἅμα</em></strong></span> 
     </span>
     <span class='ocr_line' id='line_1_5' title="bbox 341 977 1940 1068; baseline -0.006 -22"><span class='ocrx_word' id='word_1_40' title='bbox 341 984 448 1063; x_wconf 90' lang='grc' dir='ltr'><strong><em>λόγων</em></strong></span> <span class='ocrx_word' id='word_1_41' title='bbox 483 987 536 1044; x_wconf 81' lang='grc' dir='ltr'><strong><em>καὶ</em></strong></span> <span class='ocrx_word' id='word_1_42' title='bbox 575 986 744 1067; x_wconf 72' lang='grc' dir='ltr'><strong><em>θειοτέρας</em></strong></span> <span class='ocrx_word' id='word_1_43' title='bbox 784 982 894 1068; x_wconf 86' lang='grc' dir='ltr'><strong><em>ὅψεως</em></strong></span> <span class='ocrx_word' id='word_1_44' title='bbox 935 979 1191 1058; x_wconf 71' lang='grc' dir='ltr'><strong><em>ἀπολαύσαντες,</em></strong></span> <span class='ocrx_word' id='word_1_45' title='bbox 1229 980 1285 1064; x_wconf 75' lang='grc' dir='ltr'><strong><em>τήν</em></strong></span> <span class='ocrx_word' id='word_1_46' title='bbox 1318 979 1384 1042; x_wconf 84' lang='grc' dir='ltr'><strong><em>α’πδ</em></strong></span> <span class='ocrx_word' id='word_1_47' title='bbox 1418 983 1476 1043; x_wconf 85' lang='grc' dir='ltr'><strong><em>σοῦ</em></strong></span> <span class='ocrx_word' id='word_1_48' title='bbox 1508 979 1692 1061; x_wconf 73' lang='grc' dir='ltr'><strong><em>τελεώτερον</em></strong></span> <span class='ocrx_word' id='word_1_49' title='bbox 1726 977 1940 1060; x_wconf 73' lang='grc' dir='ltr'><strong><em>ψυχαγωγίαν</em></strong></span> 
     </span>
     <span class='ocr_line' id='line_1_6' title="bbox 342 1090 1693 1170; baseline -0.004 -21"><span class='ocrx_word' id='word_1_50' title='bbox 342 1090 558 1170; x_wconf 69' lang='grc' dir='ltr'><strong><em>τρυγήσομεν.</em></strong></span> <span class='ocrx_word' id='word_1_51' title='bbox 1685 1149 1693 1169; x_wconf 50' lang='grc'><strong><em>,</em></strong></span> 
     </span>
    </p>

    <p class='ocr_par' dir='ltr' id='par_1_3' title="bbox 342 1181 1940 3143">
     <span class='ocr_line' id='line_1_7' title="bbox 430 1181 1938 1271; baseline -0.007 -17"><span class='ocrx_word' id='word_1_52' title='bbox 430 1194 523 1259; x_wconf 65' lang='grc'><strong><em>154.</em></strong></span> <span class='ocrx_word' id='word_1_53' title='bbox 549 1211 592 1254; x_wconf 94' lang='grc' dir='ltr'><strong><em>νε.</em></strong></span> <span class='ocrx_word' id='word_1_54' title='bbox 626 1185 772 1253; x_wconf 83' lang='grc' dir='ltr'><strong><em>ιΟύκοῦν</em></strong></span> <span class='ocrx_word' id='word_1_55' title='bbox 794 1186 907 1261; x_wconf 81' lang='grc' dir='ltr'><strong><em>δύσεις</em></strong></span> <span class='ocrx_word' id='word_1_56' title='bbox 930 1186 1031 1271; x_wconf 92' lang='grc' dir='ltr'><strong><em>δίκην,</em></strong></span> <span class='ocrx_word' id='word_1_57' title='bbox 1054 1186 1149 1269; x_wconf 83' lang='grc' dir='ltr'><strong><em>α’νδρί</em></strong></span> <span class='ocrx_word' id='word_1_58' title='bbox 1170 1189 1410 1270; x_wconf 87' lang='grc' dir='ltr'><strong><em>φιλοπράγμονι</em></strong></span> <span class='ocrx_word' id='word_1_59' title='bbox 1430 1188 1584 1268; x_wconf 82' lang='grc' dir='ltr'><strong><em>μεταδούς</em></strong></span> <span class='ocrx_word' id='word_1_60' title='bbox 1607 1189 1800 1269; x_wconf 75' lang='grc' dir='ltr'><strong><em>παρρησίας·</em></strong></span> <span class='ocrx_word' id='word_1_61' title='bbox 1824 1181 1843 1268; x_wconf 74' lang='grc' dir='ltr'><strong><em>η</em></strong></span> <span class='ocrx_word' id='word_1_62' title='bbox 1866 1182 1938 1265; x_wconf 93' lang='grc' dir='ltr'><strong><em>δίκη</em></strong></span> 
     </span>
     <span class='ocr_line' id='line_1_8' title="bbox 345 1287 1937 1376; baseline -0.005 -20"><span class='ocrx_word' id='word_1_63' title='bbox 345 1294 382 1357; x_wconf 76' lang='grc' dir='ltr'><strong><em>δὲ</em></strong></span> <span class='ocrx_word' id='word_1_64' title='bbox 405 1295 510 1356; x_wconf 81' lang='grc' dir='ltr'><strong><em>οἴκτου</em></strong></span> <span class='ocrx_word' id='word_1_65' title='bbox 532 1294 696 1373; x_wconf 84' lang='grc' dir='ltr'><strong><em>εἴσπραξις</em></strong></span> <span class='ocrx_word' id='word_1_66' title='bbox 726 1296 798 1372; x_wconf 71' lang='grc' dir='ltr'><strong><em>περὶ</em></strong></span> <span class='ocrx_word' id='word_1_67' title='bbox 826 1292 882 1354; x_wconf 89' lang='grc' dir='ltr'><strong><em>τδν</em></strong></span> <span class='ocrx_word' id='word_1_68' title='bbox 911 1292 1037 1370; x_wconf 77' lang='grc' dir='ltr'><strong><em>οἰκτρόν</em></strong></span> <span class='ocrx_word' id='word_1_69' title='bbox 1064 1297 1174 1357; x_wconf 84' lang='grc' dir='ltr'><strong><em>τοῦτον</em></strong></span> <span class='ocrx_word' id='word_1_70' title='bbox 1201 1293 1391 1376; x_wconf 85' lang='grc' dir='ltr'><strong><em>ἄνθρωπον,</em></strong></span> <span class='ocrx_word' id='word_1_71' title='bbox 1425 1290 1509 1363; x_wconf 86' lang='grc' dir='ltr'><strong><em>ὅστις</em></strong></span> <span class='ocrx_word' id='word_1_72' title='bbox 1536 1290 1636 1352; x_wconf 92' lang='grc' dir='ltr'><strong><em>τόπον</em></strong></span> <span class='ocrx_word' id='word_1_73' title='bbox 1664 1290 1698 1351; x_wconf 90' lang='grc' dir='ltr'><strong><em>έκ</em></strong></span> <span class='ocrx_word' id='word_1_74' title='bbox 1727 1289 1825 1350; x_wconf 90' lang='grc' dir='ltr'><strong><em>τόπου</em></strong></span> <span class='ocrx_word' id='word_1_75' title='bbox 1854 1287 1937 1349; x_wconf 82' lang='grc' dir='ltr'><strong><em>κατά</em></strong></span> 
     </span>
     <span class='ocr_line' id='line_1_9' title="bbox 342 1391 1939 1482; baseline -0.005 -22"><span class='ocrx_word' id='word_1_76' title='bbox 342 1402 414 1479; x_wconf 92' lang='grc' dir='ltr'><strong><em>βίου</em></strong></span> <span class='ocrx_word' id='word_1_77' title='bbox 438 1399 558 1482; x_wconf 79' lang='grc' dir='ltr'><strong><em>ζήτησιν</em></strong></span> <span class='ocrx_word' id='word_1_78' title='bbox 583 1397 763 1477; x_wconf 81' lang='grc' dir='ltr'><strong><em>πλανηθεὶς</em></strong></span> <span class='ocrx_word' id='word_1_79' title='bbox 789 1394 965 1458; x_wconf 83' lang='grc' dir='ltr'><strong><em>κάντεῦθεν</em></strong></span> <span class='ocrx_word' id='word_1_80' title='bbox 997 1393 1130 1468; x_wconf 86' lang='grc' dir='ltr'><strong><em>έλπίσας</em></strong></span> <span class='ocrx_word' id='word_1_81' title='bbox 1152 1396 1207 1478; x_wconf 76' lang='grc' dir='ltr'><strong><em>την</em></strong></span> <span class='ocrx_word' id='word_1_82' title='bbox 1230 1395 1344 1460; x_wconf 80' lang='grc' dir='ltr'><strong><em>ούσίαν</em></strong></span> <span class='ocrx_word' id='word_1_83' title='bbox 1366 1393 1517 1477; x_wconf 75' lang='grc' dir='ltr'><strong><em>αὐξῆσαι,</em></strong></span> <span class='ocrx_word' id='word_1_84' title='bbox 1554 1395 1666 1456; x_wconf 75' lang='grc' dir='ltr'><strong><em>καὶτὰ</em></strong></span> <span class='ocrx_word' id='word_1_85' title='bbox 1689 1391 1939 1473; x_wconf 74' lang='grc' dir='ltr'><strong><em>προϋπάρχοντα</em></strong></span> 
     </span>
     <span class='ocr_line' id='line_1_10' title="bbox 345 1495 1938 1583; baseline -0.006 -18"><span class='ocrx_word' id='word_1_86' title='bbox 345 1501 586 1583; x_wconf 77' lang='grc' dir='ltr'><strong><em>προσαπώλεσε.</em></strong></span> <span class='ocrx_word' id='word_1_87' title='bbox 635 1498 711 1560; x_wconf 70' lang='grc' dir='ltr'><strong><em>2διοὶ</em></strong></span> <span class='ocrx_word' id='word_1_88' title='bbox 734 1500 831 1562; x_wconf 82' lang='grc' dir='ltr'><strong><em>ταῦτα</em></strong></span> <span class='ocrx_word' id='word_1_89' title='bbox 853 1501 911 1561; x_wconf 85' lang='grc' dir='ltr'><strong><em>νῦν</em></strong></span> <span class='ocrx_word' id='word_1_90' title='bbox 933 1500 1064 1578; x_wconf 85' lang='grc' dir='ltr'><strong><em>πάρεστί</em></strong></span> <span class='ocrx_word' id='word_1_91' title='bbox 1087 1518 1154 1574; x_wconf 90' lang='grc' dir='ltr'><strong><em>σοι,</em></strong></span> <span class='ocrx_word' id='word_1_92' title='bbox 1179 1501 1319 1574; x_wconf 78' lang='grc' dir='ltr'><strong><em>ναυαγὸς</em></strong></span> <span class='ocrx_word' id='word_1_93' title='bbox 1346 1499 1466 1570; x_wconf 82' lang='grc' dir='ltr'><strong><em>ἅθλιος</em></strong></span> <span class='ocrx_word' id='word_1_94' title='bbox 1488 1497 1524 1572; x_wconf 91' lang='grc' dir='ltr'><strong><em>έξ</em></strong></span> <span class='ocrx_word' id='word_1_95' title='bbox 1547 1495 1679 1576; x_wconf 78' lang='grc' dir='ltr'><strong><em>α’τυχούς</em></strong></span> <span class='ocrx_word' id='word_1_96' title='bbox 1702 1497 1858 1577; x_wconf 75' lang='grc' dir='ltr'><strong><em>ἐμπορίας</em></strong></span> <span class='ocrx_word' id='word_1_97' title='bbox 1882 1498 1938 1556; x_wconf 81' lang='grc' dir='ltr'><strong><em>καὶ</em></strong></span> 
     </span>
     <span class='ocr_line' id='line_1_11' title="bbox 346 1599 1937 1689; baseline -0.004 -22"><span class='ocrx_word' id='word_1_98' title='bbox 346 1604 561 1685; x_wconf 91' lang='grc' dir='ltr'><strong><em>δυσδαίμονος</em></strong></span> <span class='ocrx_word' id='word_1_99' title='bbox 583 1602 681 1680; x_wconf 89' lang='grc' dir='ltr'><strong><em>πλού,</em></strong></span> <span class='ocrx_word' id='word_1_100' title='bbox 711 1601 973 1680; x_wconf 73' lang='grc' dir='ltr'><strong><em>προσαποβαλοίν</em></strong></span> <span class='ocrx_word' id='word_1_101' title='bbox 995 1607 1048 1663; x_wconf 80' lang='grc' dir='ltr'><strong><em>καὶ</em></strong></span> <span class='ocrx_word' id='word_1_102' title='bbox 1069 1603 1103 1663; x_wconf 84' lang='grc' dir='ltr'><strong><em>τό</em></strong></span> <span class='ocrx_word' id='word_1_103' title='bbox 1128 1603 1254 1689; x_wconf 78' lang='grc' dir='ltr'><strong><em>πλοῖον,</em></strong></span> <span class='ocrx_word' id='word_1_104' title='bbox 1303 1604 1333 1663; x_wconf 82' lang='grc' dir='ltr'><strong><em>εἴ</em></strong></span> <span class='ocrx_word' id='word_1_105' title='bbox 1355 1625 1398 1674; x_wconf 91' lang='grc' dir='ltr'><strong><em>τις</em></strong></span> <span class='ocrx_word' id='word_1_106' title='bbox 1420 1599 1475 1665; x_wconf 87' lang='grc' dir='ltr'><strong><em>ούν</em></strong></span> <span class='ocrx_word' id='word_1_107' title='bbox 1497 1600 1600 1676; x_wconf 80' lang='grc' dir='ltr'><strong><em>ἔλεος,</em></strong></span> <span class='ocrx_word' id='word_1_108' title='bbox 1635 1602 1727 1672; x_wconf 83' lang='grc' dir='ltr'><strong><em>εἴτις</em></strong></span> <span class='ocrx_word' id='word_1_109' title='bbox 1750 1605 1803 1661; x_wconf 75' lang='grc' dir='ltr'><strong><em>καὶ</em></strong></span> <span class='ocrx_word' id='word_1_110' title='bbox 1825 1600 1937 1681; x_wconf 88' lang='grc' dir='ltr'><strong><em>μετρία</em></strong></span> 
     </span>
     <span class='ocr_line' id='line_1_12' title="bbox 345 1701 1937 1789; baseline -0.004 -18"><span class='ocrx_word' id='word_1_111' title='bbox 345 1710 533 1789; x_wconf 74' lang='grc' dir='ltr'><strong><em>συμπάθεια</em></strong></span> <span class='ocrx_word' id='word_1_112' title='bbox 556 1705 646 1785; x_wconf 80' lang='grc' dir='ltr'><strong><em>παρά</em></strong></span> <span class='ocrx_word' id='word_1_113' title='bbox 669 1715 734 1778; x_wconf 81' lang='grc' dir='ltr'><strong><em>τοϊς</em></strong></span> <span class='ocrx_word' id='word_1_114' title='bbox 754 1703 942 1768; x_wconf 78' lang='grc' dir='ltr'><strong><em>εὐπλοοῦσιν</em></strong></span> <span class='ocrx_word' id='word_1_115' title='bbox 964 1703 1039 1784; x_wconf 80' lang='grc' dir='ltr'><strong><em>ύμῖν</em></strong></span> <span class='ocrx_word' id='word_1_116' title='bbox 1061 1711 1133 1786; x_wconf 81' lang='grc' dir='ltr'><strong><em>περὶ</em></strong></span> <span class='ocrx_word' id='word_1_117' title='bbox 1154 1710 1224 1778; x_wconf 77' lang='grc' dir='ltr'><strong><em>τούς</em></strong></span> <span class='ocrx_word' id='word_1_118' title='bbox 1246 1706 1490 1785; x_wconf 77' lang='grc' dir='ltr'><strong><em>χειμαζομένους</em></strong></span> <span class='ocrx_word' id='word_1_119' title='bbox 1512 1703 1591 1768; x_wconf 84' lang='grc' dir='ltr'><strong><em>οὕτω</em></strong></span> <span class='ocrx_word' id='word_1_120' title='bbox 1613 1709 1666 1764; x_wconf 80' lang='grc' dir='ltr'><strong><em>καὶ</em></strong></span> <span class='ocrx_word' id='word_1_121' title='bbox 1684 1701 1937 1777; x_wconf 83' lang='grc' dir='ltr'><strong><em>κινδυνεύοντας,</em></strong></span> 
     </span>
     <span class='ocr_line' id='line_1_13' title="bbox 346 1806 1938 1894; baseline -0.002 -19"><span class='ocrx_word' id='word_1_122' title='bbox 346 1812 453 1888; x_wconf 85' lang='grc' dir='ltr'><strong><em>δείξον</em></strong></span> <span class='ocrx_word' id='word_1_123' title='bbox 476 1815 534 1876; x_wconf 84' lang='grc' dir='ltr'><strong><em>νῦν</em></strong></span> <span class='ocrx_word' id='word_1_124' title='bbox 556 1809 650 1882; x_wconf 86' lang='grc' dir='ltr'><strong><em>αύτός</em></strong></span> <span class='ocrx_word' id='word_1_125' title='bbox 672 1808 726 1871; x_wconf 74' lang='grc' dir='ltr'><strong><em>έπλ</em></strong></span> <span class='ocrx_word' id='word_1_126' title='bbox 747 1806 872 1872; x_wconf 86' lang='grc' dir='ltr'><strong><em>τούτου·</em></strong></span> <span class='ocrx_word' id='word_1_127' title='bbox 896 1806 1005 1882; x_wconf 85' lang='grc' dir='ltr'><strong><em>δείξεις</em></strong></span> <span class='ocrx_word' id='word_1_128' title='bbox 1026 1808 1031 1894; x_wconf 81' lang='grc' dir='ltr'>Ι</span> <span class='ocrx_word' id='word_1_129' title='bbox 1052 1809 1097 1883; x_wconf 85' lang='grc' dir='ltr'><strong><em>δέ,</em></strong></span> <span class='ocrx_word' id='word_1_130' title='bbox 1120 1809 1304 1889; x_wconf 83' lang='grc' dir='ltr'><strong><em>χτόρανῦπδ</em></strong></span> <span class='ocrx_word' id='word_1_131' title='bbox 1318 1821 1387 1883; x_wconf 78' lang='grc' dir='ltr'><strong><em>τοῖς</em></strong></span> <span class='ocrx_word' id='word_1_132' title='bbox 1401 1820 1471 1881; x_wconf 77' lang='grc' dir='ltr'><strong><em>σαῖς</em></strong></span> <span class='ocrx_word' id='word_1_133' title='bbox 1488 1806 1571 1891; x_wconf 72' lang='grc' dir='ltr'><strong><em>αύτῷ</em></strong></span> <span class='ocrx_word' id='word_1_134' title='bbox 1586 1810 1733 1889; x_wconf 81' lang='grc' dir='ltr'><strong><em>πτέρυξιν</em></strong></span> <span class='ocrx_word' id='word_1_135' title='bbox 1745 1808 1790 1879; x_wconf 86' lang='grc' dir='ltr'><strong><em>είς</em></strong></span> <span class='ocrx_word' id='word_1_136' title='bbox 1878 1806 1938 1872; x_wconf 82' lang='grc'><strong><em>981</em></strong></span> 
     </span>
     <span class='ocr_line' id='line_1_14' title="bbox 346 1909 1939 1997; baseline -0.005 -18"><span class='ocrx_word' id='word_1_137' title='bbox 346 1918 534 1997; x_wconf 76' lang='grc' dir='ltr'><strong><em>καταφυγὴν</em></strong></span> <span class='ocrx_word' id='word_1_138' title='bbox 553 1910 777 1996; x_wconf 72' lang='grc' dir='ltr'><strong><em>χαρισάμενος,</em></strong></span> <span class='ocrx_word' id='word_1_139' title='bbox 801 1909 840 1983; x_wconf 81' lang='grc' dir='ltr'><strong><em>άς</em></strong></span> <span class='ocrx_word' id='word_1_140' title='bbox 861 1915 941 1974; x_wconf 81' lang='grc' dir='ltr'><strong><em>κατὰ</em></strong></span> <span class='ocrx_word' id='word_1_141' title='bbox 956 1915 1011 1994; x_wconf 77' lang='grc' dir='ltr'><strong><em>την</em></strong></span> <span class='ocrx_word' id='word_1_142' title='bbox 1026 1918 1212 1990; x_wconf 84' lang='grc' dir='ltr'><strong><em>περιστεράν</em></strong></span> <span class='ocrx_word' id='word_1_143' title='bbox 1226 1912 1346 1992; x_wconf 78' lang='grc' dir='ltr'><strong><em>ἐκείνην</em></strong></span> <span class='ocrx_word' id='word_1_144' title='bbox 1368 1916 1423 1994; x_wconf 78' lang='grc' dir='ltr'><strong><em>την</em></strong></span> <span class='ocrx_word' id='word_1_145' title='bbox 1440 1911 1625 1996; x_wconf 77' lang='grc' dir='ltr'><strong><em>ψαλμικῆν*</em></strong></span> <span class='ocrx_word' id='word_1_146' title='bbox 1639 1913 1939 1993; x_wconf 85' lang='grc' dir='ltr'><strong><em>περιηργυρωμένας</em></strong></span> 
     </span>
     <span class='ocr_line' id='line_1_15' title="bbox 346 2013 1938 2099; baseline -0.003 -17"><span class='ocrx_word' id='word_1_147' title='bbox 346 2015 430 2084; x_wconf 86' lang='grc' dir='ltr'><strong><em>οὗτοι</em></strong></span> <span class='ocrx_word' id='word_1_148' title='bbox 453 2016 679 2099; x_wconf 73' lang='grc' dir='ltr'><strong><em>φαντάζονται,</em></strong></span> <span class='ocrx_word' id='word_1_149' title='bbox 702 2014 816 2077; x_wconf 76' lang='grc' dir='ltr'><strong><em>καὶτὰ</em></strong></span> <span class='ocrx_word' id='word_1_150' title='bbox 839 2015 1023 2096; x_wconf 77' lang='grc' dir='ltr'><strong><em>μετάφρενα</em></strong></span> <span class='ocrx_word' id='word_1_151' title='bbox 1044 2013 1134 2094; x_wconf 76' lang='grc' dir='ltr'><strong><em>ὑμῶν</em></strong></span> <span class='ocrx_word' id='word_1_152' title='bbox 1155 2016 1190 2078; x_wconf 91' lang='grc' dir='ltr'><strong><em>έν</em></strong></span> <span class='ocrx_word' id='word_1_153' title='bbox 1213 2014 1382 2098; x_wconf 79' lang='grc' dir='ltr'><strong><em>χλωρότητι</em></strong></span> <span class='ocrx_word' id='word_1_154' title='bbox 1403 2018 1532 2095; x_wconf 88' lang='grc' dir='ltr'><strong><em>χρυσίου</em></strong></span> <span class='ocrx_word' id='word_1_155' title='bbox 1555 2013 1740 2089; x_wconf 80' lang='grc' dir='ltr'><strong><em>λογίζονται,</em></strong></span> <span class='ocrx_word' id='word_1_156' title='bbox 1764 2019 1818 2075; x_wconf 75' lang='grc' dir='ltr'><strong><em>καὶ</em></strong></span> <span class='ocrx_word' id='word_1_157' title='bbox 1839 2018 1938 2077; x_wconf 85' lang='grc' dir='ltr'><strong><em>ταῦτα</em></strong></span> 
     </span>
     <span class='ocr_line' id='line_1_16' title="bbox 348 2114 1939 2202; baseline -0.003 -16"><span class='ocrx_word' id='word_1_158' title='bbox 348 2121 514 2195; x_wconf 74' lang='grc' dir='ltr'><strong><em>παθόντες</em></strong></span> <span class='ocrx_word' id='word_1_159' title='bbox 536 2117 567 2183; x_wconf 72' lang='grc' dir='ltr'><strong><em>οἱ</em></strong></span> <span class='ocrx_word' id='word_1_160' title='bbox 590 2119 719 2192; x_wconf 87' lang='grc' dir='ltr'><strong><em>πλείους</em></strong></span> <span class='ocrx_word' id='word_1_161' title='bbox 740 2115 893 2180; x_wconf 89' lang='grc' dir='ltr'><strong><em>τάναντία</em></strong></span> <span class='ocrx_word' id='word_1_162' title='bbox 916 2121 971 2178; x_wconf 77' lang='grc' dir='ltr'><strong><em>καλ</em></strong></span> <span class='ocrx_word' id='word_1_163' title='bbox 993 2119 1174 2196; x_wconf 89' lang='grc' dir='ltr'><strong><em>πάσχοντες,</em></strong></span> <span class='ocrx_word' id='word_1_164' title='bbox 1198 2117 1240 2192; x_wconf 79' lang='grc' dir='ltr'><strong><em>ὦς</em></strong></span> <span class='ocrx_word' id='word_1_165' title='bbox 1262 2124 1315 2180; x_wconf 80' lang='grc' dir='ltr'><strong><em>καὶ</em></strong></span> <span class='ocrx_word' id='word_1_166' title='bbox 1333 2118 1426 2192; x_wconf 80' lang='grc' dir='ltr'><strong><em>αὐτὸς</em></strong></span> <span class='ocrx_word' id='word_1_167' title='bbox 1441 2114 1529 2190; x_wconf 83' lang='grc' dir='ltr'><strong><em>οὗτος</em></strong></span> <span class='ocrx_word' id='word_1_168' title='bbox 1547 2118 1617 2200; x_wconf 77' lang='grc' dir='ltr'><strong><em>ἤδη.</em></strong></span> <span class='ocrx_word' id='word_1_169' title='bbox 1641 2117 1714 2179; x_wconf 73' lang='grc' dir='ltr'><strong><em>ἀλλ’</em></strong></span> <span class='ocrx_word' id='word_1_170' title='bbox 1728 2118 1814 2198; x_wconf 85' lang='grc' dir='ltr'><strong><em>ὅμως</em></strong></span> <span class='ocrx_word' id='word_1_171' title='bbox 1827 2117 1939 2202; x_wconf 69' lang='grc' dir='ltr'><strong><em>έπειδτὶ</em></strong></span> 
     </span>
     <span class='ocr_line' id='line_1_17' title="bbox 346 2212 1936 2312; baseline 0 -26"><span class='ocrx_word' id='word_1_172' title='bbox 346 2212 563 2308; x_wconf 82' lang='grc' dir='ltr'><strong><em>άπαραίτητον</em></strong></span> <span class='ocrx_word' id='word_1_173' title='bbox 585 2223 750 2299; x_wconf 83' lang='grc' dir='ltr'><strong><em>πανταχοῦ</em></strong></span> <span class='ocrx_word' id='word_1_174' title='bbox 773 2219 790 2301; x_wconf 88' lang='grc' dir='ltr'><strong><em>ηι</em></strong></span> <span class='ocrx_word' id='word_1_175' title='bbox 812 2219 949 2303; x_wconf 88' lang='grc' dir='ltr'><strong><em>άνάγκη,</em></strong></span> <span class='ocrx_word' id='word_1_176' title='bbox 972 2219 1028 2285; x_wconf 89' lang='grc' dir='ltr'><strong><em>ούκ</em></strong></span> <span class='ocrx_word' id='word_1_177' title='bbox 1051 2221 1177 2287; x_wconf 87' lang='grc' dir='ltr'><strong><em>όκνοῦσι</em></strong></span> <span class='ocrx_word' id='word_1_178' title='bbox 1194 2222 1351 2295; x_wconf 74' lang='grc' dir='ltr'><strong><em>πολλάκις</em></strong></span> <span class='ocrx_word' id='word_1_179' title='bbox 1367 2224 1517 2302; x_wconf 75' lang='grc' dir='ltr'><strong><em>ἐγχειρεῖν</em></strong></span> <span class='ocrx_word' id='word_1_180' title='bbox 1534 2233 1597 2294; x_wconf 73' lang='grc' dir='ltr'><strong><em>τοῖς</em></strong></span> <span class='ocrx_word' id='word_1_181' title='bbox 1612 2221 1716 2294; x_wconf 72' lang='grc' dir='ltr'><strong><em>αὐτοῖς</em></strong></span> <span class='ocrx_word' id='word_1_182' title='bbox 1738 2222 1792 2285; x_wconf 61' lang='lat' dir='ltr'><strong><em>&amp;uz</em></strong></span> <span class='ocrx_word' id='word_1_183' title='bbox 1813 2226 1850 2312; x_wconf 72' lang='grc' dir='ltr'><strong><em>τῇ</em></strong></span> <span class='ocrx_word' id='word_1_184' title='bbox 1872 2226 1936 2286; x_wconf 83' lang='grc' dir='ltr'><strong><em>ττόν</em></strong></span> 
     </span>
     <span class='ocr_line' id='line_1_18' title="bbox 345 2324 1940 2410; baseline -0.001 -20"><span class='ocrx_word' id='word_1_185' title='bbox 345 2328 515 2409; x_wconf 80' lang='grc' dir='ltr'><strong><em>βελτιόνων</em></strong></span> <span class='ocrx_word' id='word_1_186' title='bbox 537 2325 653 2401; x_wconf 76' lang='grc' dir='ltr'><strong><em>ἐλπίδι,</em></strong></span> <span class='ocrx_word' id='word_1_187' title='bbox 677 2329 730 2385; x_wconf 76' lang='grc' dir='ltr'><strong><em>καὶ</em></strong></span> <span class='ocrx_word' id='word_1_188' title='bbox 751 2324 829 2403; x_wconf 80' lang='grc' dir='ltr'><strong><em>μετὰ</em></strong></span> <span class='ocrx_word' id='word_1_189' title='bbox 853 2325 907 2406; x_wconf 79' lang='grc' dir='ltr'><strong><em>τη“ν</em></strong></span> <span class='ocrx_word' id='word_1_190' title='bbox 929 2335 1045 2407; x_wconf 75' lang='grc' dir='ltr'><strong><em>πεῖραν</em></strong></span> <span class='ocrx_word' id='word_1_191' title='bbox 1066 2329 1119 2389; x_wconf 86' lang='grc' dir='ltr'><strong><em>τοῦ</em></strong></span> <span class='ocrx_word' id='word_1_192' title='bbox 1134 2337 1284 2406; x_wconf 81' lang='grc' dir='ltr'><strong><em>χείρονος.</em></strong></span> <span class='ocrx_word' id='word_1_193' title='bbox 1316 2325 1510 2388; x_wconf 78' lang='grc' dir='ltr'><strong><em>3συνελόντα</em></strong></span> <span class='ocrx_word' id='word_1_194' title='bbox 1525 2325 1552 2388; x_wconf 84' lang='grc' dir='ltr'><strong><em>δ’</em></strong></span> <span class='ocrx_word' id='word_1_195' title='bbox 1567 2327 1669 2387; x_wconf 76' lang='grc' dir='ltr'><strong><em>εἰπεῖν</em></strong></span> <span class='ocrx_word' id='word_1_196' title='bbox 1686 2363 1729 2374; x_wconf 91' lang='grc'><strong>-</strong></span> <span class='ocrx_word' id='word_1_197' title='bbox 1750 2330 1779 2388; x_wconf 92' lang='grc' dir='ltr'><strong><em>τί</em></strong></span> <span class='ocrx_word' id='word_1_198' title='bbox 1801 2327 1863 2410; x_wconf 89' lang='grc' dir='ltr'><strong><em>γάρ</em></strong></span> <span class='ocrx_word' id='word_1_199' title='bbox 1886 2327 1940 2390; x_wconf 76' lang='grc' dir='ltr'><strong><em>δετ</em></strong></span> 
     </span>
     <span class='ocr_line' id='line_1_19' title="bbox 346 2423 1938 2512; baseline -0.002 -17"><span class='ocrx_word' id='word_1_200' title='bbox 346 2431 501 2504; x_wconf 90' lang='grc' dir='ltr'><strong><em>πολλάκις</em></strong></span> <span class='ocrx_word' id='word_1_201' title='bbox 524 2428 731 2504; x_wconf 80' lang='grc' dir='ltr'><strong><em>α’νακυκλεΐν,·</em></strong></span> <span class='ocrx_word' id='word_1_202' title='bbox 757 2463 791 2474; x_wconf 96' lang='grc'><strong>-</strong></span> <span class='ocrx_word' id='word_1_203' title='bbox 818 2423 912 2500; x_wconf 83' lang='grc' dir='ltr'><strong><em>αύτδς</em></strong></span> <span class='ocrx_word' id='word_1_204' title='bbox 939 2431 999 2507; x_wconf 76' lang='grc' dir='ltr'><strong><em>μὲν</em></strong></span> <span class='ocrx_word' id='word_1_205' title='bbox 1029 2430 1215 2508; x_wconf 88' lang='grc' dir='ltr'><strong><em>τρανότερον</em></strong></span> <span class='ocrx_word' id='word_1_206' title='bbox 1246 2431 1283 2490; x_wconf 82' lang='grc' dir='ltr'><strong><em>τά</em></strong></span> <span class='ocrx_word' id='word_1_207' title='bbox 1315 2431 1392 2490; x_wconf 90' lang='grc' dir='ltr'><strong><em>καθ’</em></strong></span> <span class='ocrx_word' id='word_1_208' title='bbox 1422 2428 1535 2492; x_wconf 81' lang='grc' dir='ltr'><strong><em>ἑαυτὸν</em></strong></span> <span class='ocrx_word' id='word_1_209' title='bbox 1558 2430 1765 2512; x_wconf 83' lang='grc' dir='ltr'><strong><em>παραστήσει,</em></strong></span> <span class='ocrx_word' id='word_1_210' title='bbox 1798 2432 1851 2493; x_wconf 72' lang='grc' dir='ltr'><strong><em>ἐπὶ</em></strong></span> <span class='ocrx_word' id='word_1_211' title='bbox 1872 2441 1938 2505; x_wconf 74' lang='grc' dir='ltr'><strong><em>τοῖς</em></strong></span> 
     </span>
     <span class='ocr_line' id='line_1_20' title="bbox 347 2528 1932 2622; baseline 0.001 -23"><span class='ocrx_word' id='word_1_212' title='bbox 347 2537 473 2609; x_wconf 76' lang='grc' dir='ltr'><strong><em>οἰκείοις</em></strong></span> <span class='ocrx_word' id='word_1_213' title='bbox 495 2536 639 2597; x_wconf 76' lang='grc' dir='ltr'><strong><em>πάθεσιν</em></strong></span> <span class='ocrx_word' id='word_1_214' title='bbox 660 2531 741 2610; x_wconf 85' lang='grc' dir='ltr'><strong><em>ἔχων</em></strong></span> <span class='ocrx_word' id='word_1_215' title='bbox 763 2531 795 2593; x_wconf 84' lang='grc' dir='ltr'><strong><em>τό</em></strong></span> <span class='ocrx_word' id='word_1_216' title='bbox 817 2531 1062 2612; x_wconf 81' lang='grc' dir='ltr'><strong><em>μεγαλόφωνον,</em></strong></span> <span class='ocrx_word' id='word_1_217' title='bbox 1095 2533 1131 2596; x_wconf 81' lang='grc' dir='ltr'><strong><em>σύ</em></strong></span> <span class='ocrx_word' id='word_1_218' title='bbox 1160 2532 1188 2594; x_wconf 87' lang='grc' dir='ltr'><strong><em>δ’</em></strong></span> <span class='ocrx_word' id='word_1_219' title='bbox 1216 2533 1324 2606; x_wconf 85' lang='grc' dir='ltr'><strong><em>έλέοος</em></strong></span> <span class='ocrx_word' id='word_1_220' title='bbox 1353 2528 1522 2622; x_wconf 79' lang='grc' dir='ltr'><strong><em>μνησθηση</em></strong></span> <span class='ocrx_word' id='word_1_221' title='bbox 1553 2544 1634 2614; x_wconf 89' lang='grc' dir='ltr'><strong><em>προς</em></strong></span> <span class='ocrx_word' id='word_1_222' title='bbox 1657 2531 1755 2599; x_wconf 85' lang='grc' dir='ltr'><strong><em>αύτόν</em></strong></span> <span class='ocrx_word' id='word_1_223' title='bbox 1777 2543 1830 2598; x_wconf 76' lang='grc' dir='ltr'><strong><em>καί</em></strong></span> <span class='ocrx_word' id='word_1_224' title='bbox 1855 2561 1932 2618; x_wconf 88' lang='grc' dir='ltr'><strong><em>προ-</em></strong></span> 
     </span>
     <span class='ocr_line' id='line_1_21' title="bbox 347 2633 1936 2726; baseline -0.004 -20"><span class='ocrx_word' id='word_1_225' title='bbox 347 2645 453 2715; x_wconf 91' lang='grc' dir='ltr'><strong><em>νοίας·</em></strong></span> <span class='ocrx_word' id='word_1_226' title='bbox 476 2642 564 2704; x_wconf 84' lang='grc' dir='ltr'><strong><em>τοῦτο</em></strong></span> <span class='ocrx_word' id='word_1_227' title='bbox 587 2640 648 2720; x_wconf 80' lang='grc' dir='ltr'><strong><em>γάρ</em></strong></span> <span class='ocrx_word' id='word_1_228' title='bbox 671 2636 727 2702; x_wconf 79' lang='grc' dir='ltr'><strong><em>οδκ</em></strong></span> <span class='ocrx_word' id='word_1_229' title='bbox 751 2634 914 2700; x_wconf 90' lang='grc' dir='ltr'><strong><em>α’δύνατον</em></strong></span> <span class='ocrx_word' id='word_1_230' title='bbox 935 2635 1015 2714; x_wconf 85' lang='grc' dir='ltr'><strong><em>πρός</em></strong></span> <span class='ocrx_word' id='word_1_231' title='bbox 1033 2633 1163 2719; x_wconf 86' lang='grc' dir='ltr'><strong><em>α’γάττην</em></strong></span> <span class='ocrx_word' id='word_1_232' title='bbox 1178 2636 1345 2715; x_wconf 79' lang='grc' dir='ltr'><strong><em>ἐπίταγμα.</em></strong></span> <span class='ocrx_word' id='word_1_233' title='bbox 1389 2636 1440 2697; x_wconf 65' lang='grc' dir='ltr'><strong><em>*ελ</em></strong></span> <span class='ocrx_word' id='word_1_234' title='bbox 1458 2637 1494 2698; x_wconf 77' lang='grc' dir='ltr'><strong><em>δὲ</em></strong></span> <span class='ocrx_word' id='word_1_235' title='bbox 1518 2636 1674 2716; x_wconf 85' lang='grc' dir='ltr'><strong><em>δυσχερές,</em></strong></span> <span class='ocrx_word' id='word_1_236' title='bbox 1698 2637 1740 2710; x_wconf 78' lang='grc' dir='ltr'><strong><em>ὠς</em></strong></span> <span class='ocrx_word' id='word_1_237' title='bbox 1762 2641 1804 2700; x_wconf 77' lang='grc' dir='ltr'><strong><em>ἄν</em></strong></span> <span class='ocrx_word' id='word_1_238' title='bbox 1827 2643 1936 2726; x_wconf 85' lang='grc' dir='ltr'><strong><em>φαίης,</em></strong></span> 
     </span>
     <span class='ocr_line' id='line_1_22' title="bbox 347 2737 1934 2823; baseline -0.003 -13"><span class='ocrx_word' id='word_1_239' title='bbox 347 2750 402 2810; x_wconf 78' lang='grc' dir='ltr'><strong><em>καὶ</em></strong></span> <span class='ocrx_word' id='word_1_240' title='bbox 422 2744 478 2818; x_wconf 82' lang='grc' dir='ltr'><strong><em>τάς</em></strong></span> <span class='ocrx_word' id='word_1_241' title='bbox 500 2744 594 2815; x_wconf 93' lang='grc' dir='ltr'><strong><em>θείας</em></strong></span> <span class='ocrx_word' id='word_1_242' title='bbox 616 2742 764 2805; x_wconf 74' lang='grc' dir='ltr'><strong><em>ἐντεῦθεν</em></strong></span> <span class='ocrx_word' id='word_1_243' title='bbox 784 2739 922 2820; x_wconf 81' lang='grc' dir='ltr'><strong><em>α’μοιβάς</em></strong></span> <span class='ocrx_word' id='word_1_244' title='bbox 944 2738 1087 2818; x_wconf 74' lang='grc' dir='ltr'><strong><em>οἴδαμεν,</em></strong></span> <span class='ocrx_word' id='word_1_245' title='bbox 1117 2738 1186 2800; x_wconf 74' lang='grc' dir='ltr'><strong><em>έπελ</em></strong></span> <span class='ocrx_word' id='word_1_246' title='bbox 1209 2737 1326 2821; x_wconf 77' lang='grc' dir='ltr'><strong><em>ῥᾷστον</em></strong></span> <span class='ocrx_word' id='word_1_247' title='bbox 1348 2741 1386 2800; x_wconf 84' lang='grc' dir='ltr'><strong><em>δν</em></strong></span> <span class='ocrx_word' id='word_1_248' title='bbox 1410 2745 1463 2799; x_wconf 77' lang='grc' dir='ltr'><strong><em>καί</em></strong></span> <span class='ocrx_word' id='word_1_249' title='bbox 1485 2741 1540 2803; x_wconf 84' lang='grc' dir='ltr'><strong><em>τού</em></strong></span> <span class='ocrx_word' id='word_1_250' title='bbox 1561 2745 1710 2819; x_wconf 84' lang='grc' dir='ltr'><strong><em>τυχόντος</em></strong></span> <span class='ocrx_word' id='word_1_251' title='bbox 1730 2741 1764 2803; x_wconf 88' lang='grc' dir='ltr'><strong><em>τό</em></strong></span> <span class='ocrx_word' id='word_1_252' title='bbox 1788 2741 1934 2823; x_wconf 76' lang='grc' dir='ltr'><strong><em>α’γαθόν,</em></strong></span> 
     </span>
     <span class='ocr_line' id='line_1_23' title="bbox 346 2840 1935 2935; baseline -0.001 -22"><span class='ocrx_word' id='word_1_253' title='bbox 346 2847 402 2916; x_wconf 76' lang='grc' dir='ltr'><strong><em>ούκ</em></strong></span> <span class='ocrx_word' id='word_1_254' title='bbox 424 2850 467 2910; x_wconf 88' lang='grc' dir='ltr'><strong><em>άν</em></strong></span> <span class='ocrx_word' id='word_1_255' title='bbox 489 2844 528 2929; x_wconf 80' lang='grc' dir='ltr'><strong><em>ἦν</em></strong></span> <span class='ocrx_word' id='word_1_256' title='bbox 549 2869 577 2908; x_wconf 90' lang='grc' dir='ltr'><strong><em>τι</em></strong></span> <span class='ocrx_word' id='word_1_257' title='bbox 598 2848 680 2923; x_wconf 90' lang='grc' dir='ltr'><strong><em>μέγα</em></strong></span> <span class='ocrx_word' id='word_1_258' title='bbox 704 2846 758 2904; x_wconf 80' lang='grc' dir='ltr'><strong><em>καλ</em></strong></span> <span class='ocrx_word' id='word_1_259' title='bbox 778 2845 890 2922; x_wconf 88' lang='grc' dir='ltr'><strong><em>τίμιον,</em></strong></span> <span class='ocrx_word' id='word_1_260' title='bbox 923 2841 997 2906; x_wconf 80' lang='grc' dir='ltr'><strong><em>οὐδὲ</em></strong></span> <span class='ocrx_word' id='word_1_261' title='bbox 1027 2840 1214 2924; x_wconf 89' lang='grc' dir='ltr'><strong><em>τηλικούτων</em></strong></span> <span class='ocrx_word' id='word_1_262' title='bbox 1237 2844 1279 2904; x_wconf 82' lang='grc' dir='ltr'><strong><em>οἳν</em></strong></span> <span class='ocrx_word' id='word_1_263' title='bbox 1300 2847 1402 2923; x_wconf 82' lang='grc' dir='ltr'><strong><em>γερῶν</em></strong></span> <span class='ocrx_word' id='word_1_264' title='bbox 1423 2841 1550 2925; x_wconf 76' lang='grc' dir='ltr'><strong><em>ῆξιούτο</em></strong></span> <span class='ocrx_word' id='word_1_265' title='bbox 1573 2845 1664 2924; x_wconf 80' lang='grc' dir='ltr'><strong><em>παρά</em></strong></span> <span class='ocrx_word' id='word_1_266' title='bbox 1687 2849 1730 2930; x_wconf 75' lang='grc' dir='ltr'><strong><em>τῷ</em></strong></span> <span class='ocrx_word' id='word_1_267' title='bbox 1753 2846 1866 2933; x_wconf 83' lang='grc' dir='ltr'><strong><em>δικαίῳ</em></strong></span> <span class='ocrx_word' id='word_1_268' title='bbox 1889 2853 1935 2935; x_wconf 79' lang='grc' dir='ltr'><strong><em>τηῖ</em></strong></span> 
     </span>
     <span class='ocr_line' id='line_1_24' title="bbox 347 2942 1937 3036; baseline -0.003 -19"><span class='ocrx_word' id='word_1_269' title='bbox 347 2953 478 3018; x_wconf 87' lang='grc' dir='ltr'><strong><em>πάντων</em></strong></span> <span class='ocrx_word' id='word_1_270' title='bbox 499 2947 656 3036; x_wconf 77' lang='grc' dir='ltr'><strong><em>βραβευτῇ</em></strong></span> <span class='ocrx_word' id='word_1_271' title='bbox 679 2950 733 3007; x_wconf 78' lang='grc' dir='ltr'><strong><em>καί</em></strong></span> <span class='ocrx_word' id='word_1_272' title='bbox 756 2946 905 3035; x_wconf 78' lang='grc' dir='ltr'><strong><em>διαιτητῇ,</em></strong></span> <span class='ocrx_word' id='word_1_273' title='bbox 938 2946 973 3019; x_wconf 83' lang='grc' dir='ltr'><strong><em>ὃς</em></strong></span> <span class='ocrx_word' id='word_1_274' title='bbox 995 2942 1056 3007; x_wconf 85' lang='grc' dir='ltr'><strong><em>κάν</em></strong></span> <span class='ocrx_word' id='word_1_275' title='bbox 1078 2944 1158 3029; x_wconf 78' lang='grc' dir='ltr'><strong><em>τῷδε</em></strong></span> <span class='ocrx_word' id='word_1_276' title='bbox 1181 2949 1222 3030; x_wconf 80' lang='grc' dir='ltr'><strong><em>τῷ</em></strong></span> <span class='ocrx_word' id='word_1_277' title='bbox 1244 2949 1303 3031; x_wconf 87' lang='grc' dir='ltr'><strong><em>βίῳ</em></strong></span> <span class='ocrx_word' id='word_1_278' title='bbox 1323 2947 1328 3032; x_wconf 77' lang='grc' dir='ltr'>Ι</span> <span class='ocrx_word' id='word_1_279' title='bbox 1348 2952 1403 3007; x_wconf 76' lang='grc' dir='ltr'><strong><em>καὶ</em></strong></span> <span class='ocrx_word' id='word_1_280' title='bbox 1425 2943 1508 3010; x_wconf 88' lang='grc' dir='ltr'><strong><em>πολύ</em></strong></span> <span class='ocrx_word' id='word_1_281' title='bbox 1525 2968 1553 3007; x_wconf 90' lang='grc' dir='ltr'><strong><em>τι</em></strong></span> <span class='ocrx_word' id='word_1_282' title='bbox 1567 2945 1706 3026; x_wconf 89' lang='grc' dir='ltr'><strong><em>μάλιστα</em></strong></span> <span class='ocrx_word' id='word_1_283' title='bbox 1728 2950 1791 3012; x_wconf 79' lang='grc' dir='ltr'><strong><em>κάν</em></strong></span> <span class='ocrx_word' id='word_1_284' title='bbox 1878 2953 1937 3019; x_wconf 79' lang='lat'><strong><em>98²</em></strong></span> 
     </span>
     <span class='ocr_line' id='line_1_25' title="bbox 347 3050 1282 3143; baseline -0.009 -22"><span class='ocrx_word' id='word_1_285' title='bbox 347 3060 391 3143; x_wconf 75' lang='grc' dir='ltr'><strong><em>τῷ</em></strong></span> <span class='ocrx_word' id='word_1_286' title='bbox 413 3055 559 3137; x_wconf 87' lang='grc' dir='ltr'><strong><em>μέλλοντι</em></strong></span> <span class='ocrx_word' id='word_1_287' title='bbox 582 3051 674 3122; x_wconf 87' lang='grc' dir='ltr'><strong><em>ίλεως</em></strong></span> <span class='ocrx_word' id='word_1_288' title='bbox 695 3052 743 3133; x_wconf 77' lang='grc' dir='ltr'><strong><em>εἴη</em></strong></span> <span class='ocrx_word' id='word_1_289' title='bbox 765 3066 815 3112; x_wconf 90' lang='grc' dir='ltr'><strong><em>σοι</em></strong></span> <span class='ocrx_word' id='word_1_290' title='bbox 837 3053 892 3111; x_wconf 74' lang='grc' dir='ltr'><strong><em>καί</em></strong></span> <span class='ocrx_word' id='word_1_291' title='bbox 912 3052 949 3111; x_wconf 79' lang='grc' dir='ltr'><strong><em>τὰ</em></strong></span> <span class='ocrx_word' id='word_1_292' title='bbox 973 3050 1158 3129; x_wconf 87' lang='grc' dir='ltr'><strong><em>καταθύμια</em></strong></span> <span class='ocrx_word' id='word_1_293' title='bbox 1181 3053 1282 3129; x_wconf 89' lang='grc' dir='ltr'><strong><em>νέμοι.</em></strong></span> 
     </span>
    </p>

    <p class='ocr_par' dir='ltr' id='par_1_4' title="bbox 347 3142 1942 4071">
     <span class='ocr_line' id='line_1_26' title="bbox 436 3142 1939 3242; baseline -0.003 -16"><span class='ocrx_word' id='word_1_294' title='bbox 436 3161 530 3226; x_wconf 88' lang='grc'><strong><em>155.</em></strong></span> <span class='ocrx_word' id='word_1_295' title='bbox 553 3176 600 3226; x_wconf 85' lang='grc' dir='ltr'><strong><em>νς.</em></strong></span> <span class='ocrx_word' id='word_1_296' title='bbox 624 3153 684 3216; x_wconf 78' lang='grc' dir='ltr'><strong><em>ιΕἰ</em></strong></span> <span class='ocrx_word' id='word_1_297' title='bbox 705 3154 747 3236; x_wconf 80' lang='grc' dir='ltr'><strong><em>μὴ</em></strong></span> <span class='ocrx_word' id='word_1_298' title='bbox 770 3154 846 3215; x_wconf 78' lang='grc' dir='ltr'><strong><em>κενοὶ</em></strong></span> <span class='ocrx_word' id='word_1_299' title='bbox 868 3152 944 3239; x_wconf 85' lang='grc' dir='ltr'><strong><em>δέχη</em></strong></span> <span class='ocrx_word' id='word_1_300' title='bbox 965 3142 1148 3235; x_wconf 86' lang='grc' dir='ltr'><strong><em>γράμματα,</em></strong></span> <span class='ocrx_word' id='word_1_301' title='bbox 1171 3153 1229 3228; x_wconf 88' lang='grc' dir='ltr'><strong><em>άγε</em></strong></span> <span class='ocrx_word' id='word_1_302' title='bbox 1252 3151 1294 3236; x_wconf 84' lang='grc' dir='ltr'><strong><em>δη’</em></strong></span> <span class='ocrx_word' id='word_1_303' title='bbox 1314 3177 1369 3235; x_wconf 89' lang='grc' dir='ltr'><strong><em>μοι</em></strong></span> <span class='ocrx_word' id='word_1_304' title='bbox 1392 3154 1448 3228; x_wconf 82' lang='grc' dir='ltr'><strong><em>τάς</em></strong></span> <span class='ocrx_word' id='word_1_305' title='bbox 1470 3156 1566 3237; x_wconf 88' lang='grc' dir='ltr'><strong><em>ὄψεις</em></strong></span> <span class='ocrx_word' id='word_1_306' title='bbox 1586 3158 1650 3218; x_wconf 82' lang='grc' dir='ltr'><strong><em>τεόν</em></strong></span> <span class='ocrx_word' id='word_1_307' title='bbox 1671 3157 1782 3241; x_wconf 89' lang='grc' dir='ltr'><strong><em>πρόσω</em></strong></span> <span class='ocrx_word' id='word_1_308' title='bbox 1796 3182 1939 3242; x_wconf 73' lang='grc' dir='ltr'><strong><em>γεγραμ·</em></strong></span> 
     </span>
     <span class='ocr_line' id='line_1_27' title="bbox 347 3252 1938 3346; baseline 0 -21"><span class='ocrx_word' id='word_1_309' title='bbox 347 3265 455 3345; x_wconf 82' lang='grc' dir='ltr'><strong><em>μένων</em></strong></span> <span class='ocrx_word' id='word_1_310' title='bbox 476 3258 675 3340; x_wconf 85' lang='grc' dir='ltr'><strong><em>άπόστρεφε·</em></strong></span> <span class='ocrx_word' id='word_1_311' title='bbox 698 3252 716 3341; x_wconf 77' lang='grc' dir='ltr'><em>ἦ</em></span> <span class='ocrx_word' id='word_1_312' title='bbox 738 3271 846 3339; x_wconf 86' lang='grc' dir='ltr'><strong><em>γραφη</em></strong></span> <span class='ocrx_word' id='word_1_313' title='bbox 868 3259 931 3337; x_wconf 80' lang='grc' dir='ltr'><strong><em>γάρ</em></strong></span> <span class='ocrx_word' id='word_1_314' title='bbox 953 3255 1029 3341; x_wconf 84' lang='grc' dir='ltr'><strong><em>αὕτη</em></strong></span> <span class='ocrx_word' id='word_1_315' title='bbox 1051 3261 1174 3340; x_wconf 88' lang='grc' dir='ltr'><strong><em>τοιαύτη</em></strong></span> <span class='ocrx_word' id='word_1_316' title='bbox 1195 3258 1358 3338; x_wconf 85' lang='grc' dir='ltr'><strong><em>ἄκαρπος,</em></strong></span> <span class='ocrx_word' id='word_1_317' title='bbox 1388 3259 1512 3339; x_wconf 81' lang='grc' dir='ltr'><strong><em>ἄχαρις,</em></strong></span> <span class='ocrx_word' id='word_1_318' title='bbox 1543 3259 1688 3344; x_wconf 84' lang='grc' dir='ltr'><strong><em>άδωρος,</em></strong></span> <span class='ocrx_word' id='word_1_319' title='bbox 1716 3260 1875 3346; x_wconf 74' lang='grc' dir='ltr'><strong><em>α’κερδης*</em></strong></span> <span class='ocrx_word' id='word_1_320' title='bbox 1897 3264 1938 3329; x_wconf 84' lang='grc' dir='ltr'><strong><em>οὗ</em></strong></span> 
     </span>
     <span class='ocr_line' id='line_1_28' title="bbox 349 3352 1940 3454; baseline -0.002 -24"><span class='ocrx_word' id='word_1_321' title='bbox 349 3367 404 3430; x_wconf 79' lang='grc' dir='ltr'><strong><em>διδ</em></strong></span> <span class='ocrx_word' id='word_1_322' title='bbox 426 3367 481 3428; x_wconf 84' lang='grc' dir='ltr'><strong><em>τόν</em></strong></span> <span class='ocrx_word' id='word_1_323' title='bbox 503 3352 685 3443; x_wconf 88' lang='grc' dir='ltr'><strong><em>γεγραφότα</em></strong></span> <span class='ocrx_word' id='word_1_324' title='bbox 708 3365 761 3422; x_wconf 75' lang='grc' dir='ltr'><strong><em>καὶ</em></strong></span> <span class='ocrx_word' id='word_1_325' title='bbox 788 3364 842 3444; x_wconf 79' lang='grc' dir='ltr'><strong><em>τη“ν</em></strong></span> <span class='ocrx_word' id='word_1_326' title='bbox 864 3360 1041 3443; x_wconf 88' lang='grc' dir='ltr'><strong><em>συνείδησιν</em></strong></span> <span class='ocrx_word' id='word_1_327' title='bbox 1063 3399 1106 3409; x_wconf 92' lang='grc'>-</span> <span class='ocrx_word' id='word_1_328' title='bbox 1129 3360 1167 3424; x_wconf 91' lang='grc' dir='ltr'><strong><em>ού</em></strong></span> <span class='ocrx_word' id='word_1_329' title='bbox 1190 3365 1234 3440; x_wconf 80' lang='grc' dir='ltr'><strong><em>μά</em></strong></span> <span class='ocrx_word' id='word_1_330' title='bbox 1258 3364 1313 3444; x_wconf 84' lang='grc' dir='ltr'><strong><em>την</em></strong></span> <span class='ocrx_word' id='word_1_331' title='bbox 1335 3362 1480 3427; x_wconf 87' lang='grc' dir='ltr'><strong><em>ένταύθα</em></strong></span> <span class='ocrx_word' id='word_1_332' title='bbox 1503 3367 1628 3439; x_wconf 84' lang='grc' dir='ltr'><strong><em>πενίαν,</em></strong></span> <span class='ocrx_word' id='word_1_333' title='bbox 1652 3360 1869 3454; x_wconf 74' lang='grc' dir='ltr'><strong><em>ᾐπιεζόμεθα</em></strong></span> <span class='ocrx_word' id='word_1_334' title='bbox 1883 3403 1940 3443; x_wconf 87' lang='lat'><strong><em>-,</em></strong></span> 
     </span>
     <span class='ocr_line' id='line_1_29' title="bbox 349 3461 1941 3554; baseline 0.001 -22"><span class='ocrx_word' id='word_1_335' title='bbox 349 3467 434 3534; x_wconf 77' lang='grc' dir='ltr'><strong><em>α’λλά</em></strong></span> <span class='ocrx_word' id='word_1_336' title='bbox 466 3468 507 3530; x_wconf 86' lang='grc' dir='ltr'><strong><em>δι’</em></strong></span> <span class='ocrx_word' id='word_1_337' title='bbox 538 3463 610 3529; x_wconf 83' lang='grc' dir='ltr'><strong><em>αύτδ</em></strong></span> <span class='ocrx_word' id='word_1_338' title='bbox 638 3461 740 3544; x_wconf 89' lang='grc' dir='ltr'><strong><em>μόνον</em></strong></span> <span class='ocrx_word' id='word_1_339' title='bbox 762 3469 850 3528; x_wconf 83' lang='grc' dir='ltr'><strong><em>τοῦτο</em></strong></span> <span class='ocrx_word' id='word_1_340' title='bbox 883 3461 962 3544; x_wconf 87' lang='grc' dir='ltr'><strong><em>δπερ</em></strong></span> <span class='ocrx_word' id='word_1_341' title='bbox 991 3463 1031 3547; x_wconf 74' lang='grc' dir='ltr'><strong><em>δη</em></strong></span> <span class='ocrx_word' id='word_1_342' title='bbox 1060 3469 1114 3525; x_wconf 78' lang='grc' dir='ltr'><strong><em>καὶ</em></strong></span> <span class='ocrx_word' id='word_1_343' title='bbox 1144 3465 1241 3545; x_wconf 87' lang='grc' dir='ltr'><strong><em>ὅρκον</em></strong></span> <span class='ocrx_word' id='word_1_344' title='bbox 1271 3465 1464 3546; x_wconf 86' lang='grc' dir='ltr'><strong><em>ποιούμεθα.</em></strong></span> <span class='ocrx_word' id='word_1_345' title='bbox 1522 3467 1732 3552; x_wconf 70' lang='grc' dir='ltr'><strong><em>2προσείρησο</em></strong></span> <span class='ocrx_word' id='word_1_346' title='bbox 1754 3470 1783 3532; x_wconf 87' lang='grc' dir='ltr'><strong><em>δ’</em></strong></span> <span class='ocrx_word' id='word_1_347' title='bbox 1806 3466 1861 3535; x_wconf 82' lang='grc' dir='ltr'><strong><em>οὖν</em></strong></span> <span class='ocrx_word' id='word_1_348' title='bbox 1883 3473 1941 3554; x_wconf 79' lang='grc' dir='ltr'><strong><em>την</em></strong></span> 
     </span>
     <span class='ocr_line' id='line_1_30' title="bbox 351 3563 1941 3658; baseline -0.001 -21"><span class='ocrx_word' id='word_1_349' title='bbox 351 3575 453 3658; x_wconf 74' lang='grc' dir='ltr'><strong><em>ψτλην</em></strong></span> <span class='ocrx_word' id='word_1_350' title='bbox 474 3574 549 3644; x_wconf 81' lang='grc' dir='ltr'><strong><em>’τέως</em></strong></span> <span class='ocrx_word' id='word_1_351' title='bbox 572 3570 757 3649; x_wconf 86' lang='grc' dir='ltr'><strong><em>πρόσρησιν,</em></strong></span> <span class='ocrx_word' id='word_1_352' title='bbox 782 3563 809 3628; x_wconf 82' lang='grc' dir='ltr'><strong><em>τύ</em></strong></span> <span class='ocrx_word' id='word_1_353' title='bbox 830 3567 960 3630; x_wconf 89' lang='grc' dir='ltr'><strong><em>πάντων</em></strong></span> <span class='ocrx_word' id='word_1_354' title='bbox 983 3567 1175 3649; x_wconf 78' lang='grc' dir='ltr'><strong><em>α’νθρτόπων</em></strong></span> <span class='ocrx_word' id='word_1_355' title='bbox 1197 3569 1326 3650; x_wconf 87' lang='grc' dir='ltr'><strong><em>φίλτατέ</em></strong></span> <span class='ocrx_word' id='word_1_356' title='bbox 1347 3592 1402 3648; x_wconf 90' lang='grc' dir='ltr'><strong><em>μοι</em></strong></span> <span class='ocrx_word' id='word_1_357' title='bbox 1425 3575 1479 3631; x_wconf 75' lang='grc' dir='ltr'><strong><em>καί</em></strong></span> <span class='ocrx_word' id='word_1_358' title='bbox 1500 3570 1646 3649; x_wconf 88' lang='grc' dir='ltr'><strong><em>βέλτιστε,</em></strong></span> <span class='ocrx_word' id='word_1_359' title='bbox 1671 3578 1792 3658; x_wconf 74' lang='grc' dir='ltr'><strong><em>καὶτῆς</em></strong></span> <span class='ocrx_word' id='word_1_360' title='bbox 1808 3573 1941 3653; x_wconf 82' lang='grc' dir='ltr'><strong><em>α’τυχίας</em></strong></span> 
     </span>
     <span class='ocr_line' id='line_1_31' title="bbox 349 3668 1939 3761; baseline -0.001 -20"><span class='ocrx_word' id='word_1_361' title='bbox 349 3680 403 3741; x_wconf 89' lang='grc' dir='ltr'><strong><em>τόν</em></strong></span> <span class='ocrx_word' id='word_1_362' title='bbox 425 3675 521 3759; x_wconf 90' lang='grc' dir='ltr'><strong><em>φίλον</em></strong></span> <span class='ocrx_word' id='word_1_363' title='bbox 543 3670 586 3746; x_wconf 81' lang='grc' dir='ltr'><strong><em>τός</em></strong></span> <span class='ocrx_word' id='word_1_364' title='bbox 607 3671 701 3755; x_wconf 89' lang='grc' dir='ltr'><strong><em>φίλος</em></strong></span> <span class='ocrx_word' id='word_1_365' title='bbox 723 3668 850 3755; x_wconf 76' lang='grc' dir='ltr'><strong><em>α’ληθης</em></strong></span> <span class='ocrx_word' id='word_1_366' title='bbox 873 3674 1042 3752; x_wconf 84' lang='grc' dir='ltr'><strong><em>οίκτειρον·</em></strong></span> <span class='ocrx_word' id='word_1_367' title='bbox 1073 3673 1153 3752; x_wconf 89' lang='grc' dir='ltr'><strong><em>τάχα</em></strong></span> <span class='ocrx_word' id='word_1_368' title='bbox 1184 3673 1212 3734; x_wconf 84' lang='grc' dir='ltr'><strong><em>δ’</em></strong></span> <span class='ocrx_word' id='word_1_369' title='bbox 1243 3674 1285 3734; x_wconf 81' lang='grc' dir='ltr'><strong><em>ἄν</em></strong></span> <span class='ocrx_word' id='word_1_370' title='bbox 1315 3691 1349 3735; x_wconf 91' lang='grc' dir='ltr'><strong><em>σε</em></strong></span> <span class='ocrx_word' id='word_1_371' title='bbox 1378 3677 1453 3735; x_wconf 76' lang='grc' dir='ltr'><strong><em>ποτε</em></strong></span> <span class='ocrx_word' id='word_1_372' title='bbox 1482 3679 1536 3735; x_wconf 75' lang='grc' dir='ltr'><strong><em>καὶ</em></strong></span> <span class='ocrx_word' id='word_1_373' title='bbox 1566 3675 1717 3758; x_wconf 86' lang='grc' dir='ltr'><strong><em>δωρητόν,</em></strong></span> <span class='ocrx_word' id='word_1_374' title='bbox 1748 3680 1776 3740; x_wconf 80' lang='grc' dir='ltr'><strong><em>ελ</em></strong></span> <span class='ocrx_word' id='word_1_375' title='bbox 1806 3677 1939 3761; x_wconf 73' lang='grc' dir='ltr'><strong><em>ζήσεται,</em></strong></span> 
     </span>
     <span class='ocr_line' id='line_1_32' title="bbox 351 3772 1941 3866; baseline 0.001 -24"><span class='ocrx_word' id='word_1_376' title='bbox 351 3781 459 3866; x_wconf 79' lang='grc' dir='ltr'><strong><em>θήσει.</em></strong></span> <span class='ocrx_word' id='word_1_377' title='bbox 506 3778 612 3861; x_wconf 76' lang='grc' dir='ltr'><strong><em>3πρός</em></strong></span> <span class='ocrx_word' id='word_1_378' title='bbox 632 3776 666 3838; x_wconf 86' lang='grc' dir='ltr'><strong><em>τό</em></strong></span> <span class='ocrx_word' id='word_1_379' title='bbox 689 3777 797 3855; x_wconf 86' lang='grc' dir='ltr'><strong><em>παρόν</em></strong></span> <span class='ocrx_word' id='word_1_380' title='bbox 820 3774 855 3837; x_wconf 79' lang='grc' dir='ltr'><strong><em>δὲ</em></strong></span> <span class='ocrx_word' id='word_1_381' title='bbox 878 3772 1015 3854; x_wconf 85' lang='grc' dir='ltr'><strong><em>ύγίαινε,</em></strong></span> <span class='ocrx_word' id='word_1_382' title='bbox 1038 3780 1092 3837; x_wconf 89' lang='grc' dir='ltr'><strong><em>καί</em></strong></span> <span class='ocrx_word' id='word_1_383' title='bbox 1113 3799 1167 3858; x_wconf 88' lang='grc' dir='ltr'><strong><em>μοι</em></strong></span> <span class='ocrx_word' id='word_1_384' title='bbox 1190 3780 1312 3858; x_wconf 91' lang='grc' dir='ltr'><strong><em>χαίρων</em></strong></span> <span class='ocrx_word' id='word_1_385' title='bbox 1334 3774 1501 3853; x_wconf 78' lang='grc' dir='ltr'><strong><em>α’γγέλλοιο</em></strong></span> <span class='ocrx_word' id='word_1_386' title='bbox 1524 3784 1579 3841; x_wconf 79' lang='grc' dir='ltr'><strong><em>καί</em></strong></span> <span class='ocrx_word' id='word_1_387' title='bbox 1601 3779 1792 3861; x_wconf 87' lang='grc' dir='ltr'><strong><em>προκόπτων</em></strong></span> <span class='ocrx_word' id='word_1_388' title='bbox 1815 3785 1941 3855; x_wconf 79' lang='grc' dir='ltr'><strong><em>ποσῶς·</em></strong></span> 
     </span>
     <span class='ocr_line' id='line_1_33' title="bbox 351 3867 1942 3969; baseline 0 -21"><span class='ocrx_word' id='word_1_389' title='bbox 351 3889 409 3951; x_wconf 86' lang='grc' dir='ltr'><strong><em>νῦν</em></strong></span> <span class='ocrx_word' id='word_1_390' title='bbox 430 3885 492 3968; x_wconf 82' lang='grc' dir='ltr'><strong><em>γάρ</em></strong></span> <span class='ocrx_word' id='word_1_391' title='bbox 515 3884 554 3949; x_wconf 88' lang='grc' dir='ltr'><strong><em>ού</em></strong></span> <span class='ocrx_word' id='word_1_392' title='bbox 575 3903 631 3963; x_wconf 90' lang='grc' dir='ltr'><strong><em>μοι</em></strong></span> <span class='ocrx_word' id='word_1_393' title='bbox 654 3867 757 3951; x_wconf 77' lang='grc' dir='ltr'><strong><em>δοκεῖς</em></strong></span> <span class='ocrx_word' id='word_1_394' title='bbox 779 3877 856 3941; x_wconf 76' lang='grc' dir='ltr'><strong><em>ούδὲ</em></strong></span> <span class='ocrx_word' id='word_1_395' title='bbox 878 3876 912 3941; x_wconf 85' lang='grc' dir='ltr'><strong><em>τό</em></strong></span> <span class='ocrx_word' id='word_1_396' title='bbox 934 3879 1129 3960; x_wconf 87' lang='grc' dir='ltr'><strong><em>βραχύτατον</em></strong></span> <span class='ocrx_word' id='word_1_397' title='bbox 1163 3881 1204 3942; x_wconf 79' lang='grc' dir='ltr'><strong><em>δι’</em></strong></span> <span class='ocrx_word' id='word_1_398' title='bbox 1229 3880 1267 3964; x_wconf 81' lang='grc' dir='ltr'><strong><em>η’ν</em></strong></span> <span class='ocrx_word' id='word_1_399' title='bbox 1298 3898 1347 3942; x_wconf 88' lang='grc' dir='ltr'><strong><em>σοι</em></strong></span> <span class='ocrx_word' id='word_1_400' title='bbox 1378 3881 1518 3945; x_wconf 84' lang='grc' dir='ltr'><strong><em>ἔκπαλαι</em></strong></span> <span class='ocrx_word' id='word_1_401' title='bbox 1546 3882 1680 3948; x_wconf 87' lang='grc' dir='ltr'><strong><em>σύνοιδα</em></strong></span> <span class='ocrx_word' id='word_1_402' title='bbox 1707 3889 1942 3969; x_wconf 81' lang='grc' dir='ltr'><strong><em>μακροθυμίαν</em></strong></span> 
     </span>
     <span class='ocr_line' id='line_1_34' title="bbox 349 3987 645 4071; baseline -0.01 -18"><span class='ocrx_word' id='word_1_403' title='bbox 349 3989 430 4071; x_wconf 79' lang='grc' dir='ltr'><strong><em>πρὸς</em></strong></span> <span class='ocrx_word' id='word_1_404' title='bbox 450 3989 487 4050; x_wconf 79' lang='grc' dir='ltr'><strong><em>τὰ</em></strong></span> <span class='ocrx_word' id='word_1_405' title='bbox 510 3987 645 4050; x_wconf 79' lang='grc' dir='ltr'><strong><em>τοιαῦτα.</em></strong></span> 
     </span>
    </p>

    <p class='ocr_par' dir='ltr' id='par_1_5' title="bbox 351 4076 1944 4492">
     <span class='ocr_line' id='line_1_35' title="bbox 441 4076 1944 4177; baseline -0.002 -17"><span class='ocrx_word' id='word_1_406' title='bbox 441 4093 535 4159; x_wconf 81' lang='grc'><strong><em>156.</em></strong></span> <span class='ocrx_word' id='word_1_407' title='bbox 558 4089 601 4162; x_wconf 90' lang='grc' dir='ltr'><strong><em>νζ.</em></strong></span> <span class='ocrx_word' id='word_1_408' title='bbox 627 4085 777 4171; x_wconf 77' lang='grc' dir='ltr'><strong><em>ιἈκερδῆ</em></strong></span> <span class='ocrx_word' id='word_1_409' title='bbox 798 4091 858 4166; x_wconf 75' lang='grc' dir='ltr'><strong><em>μὲν</em></strong></span> <span class='ocrx_word' id='word_1_410' title='bbox 881 4076 958 4150; x_wconf 81' lang='grc' dir='ltr'><strong><em>οῖδα</em></strong></span> <span class='ocrx_word' id='word_1_411' title='bbox 977 4089 1047 4160; x_wconf 82' lang='grc' dir='ltr'><strong><em>τούς</em></strong></span> <span class='ocrx_word' id='word_1_412' title='bbox 1065 4087 1179 4170; x_wconf 91' lang='grc' dir='ltr'><strong><em>φίλους</em></strong></span> <span class='ocrx_word' id='word_1_413' title='bbox 1194 4086 1333 4163; x_wconf 79' lang='grc' dir='ltr'><strong><em>α’γαπῶν</em></strong></span> <span class='ocrx_word' id='word_1_414' title='bbox 1355 4094 1408 4151; x_wconf 73' lang='grc' dir='ltr'><strong><em>καὶ</em></strong></span> <span class='ocrx_word' id='word_1_415' title='bbox 1425 4084 1577 4176; x_wconf 81' lang='grc' dir='ltr'><strong><em>α’νόνητα,</em></strong></span> <span class='ocrx_word' id='word_1_416' title='bbox 1601 4091 1639 4158; x_wconf 89' lang='grc' dir='ltr'><strong><em>ού</em></strong></span> <span class='ocrx_word' id='word_1_417' title='bbox 1654 4093 1709 4156; x_wconf 79' lang='grc' dir='ltr'><strong><em>διά</em></strong></span> <span class='ocrx_word' id='word_1_418' title='bbox 1725 4097 1944 4177; x_wconf 79' lang='grc' dir='ltr'><strong><em>μικροψυχίας</em></strong></span> 
     </span>
     <span class='ocr_line' id='line_1_36' title="bbox 352 4189 1942 4283; baseline 0.002 -24"><span class='ocrx_word' id='word_1_419' title='bbox 352 4191 537 4280; x_wconf 86' lang='grc' dir='ltr'><strong><em>φαυλότητα</em></strong></span> <span class='ocrx_word' id='word_1_420' title='bbox 567 4193 669 4277; x_wconf 87' lang='grc' dir='ltr'><strong><em>(τούτο</em></strong></span> <span class='ocrx_word' id='word_1_421' title='bbox 698 4193 761 4275; x_wconf 81' lang='grc' dir='ltr'><strong><em>γάρ</em></strong></span> <span class='ocrx_word' id='word_1_422' title='bbox 790 4189 962 4274; x_wconf 72' lang='grc' dir='ltr'><strong><em>ἀλλότριον</em></strong></span> <span class='ocrx_word' id='word_1_423' title='bbox 991 4192 1094 4276; x_wconf 90' lang='grc' dir='ltr'><strong><em>πάντη</em></strong></span> <span class='ocrx_word' id='word_1_424' title='bbox 1129 4199 1181 4276; x_wconf 75' lang='grc' dir='ltr'><strong><em>τῆς</em></strong></span> <span class='ocrx_word' id='word_1_425' title='bbox 1209 4191 1358 4257; x_wconf 82' lang='grc' dir='ltr'><strong><em>Ἰωάννου</em></strong></span> <span class='ocrx_word' id='word_1_426' title='bbox 1389 4197 1513 4279; x_wconf 76' lang='grc' dir='ltr'><strong><em>γνώμης</em></strong></span> <span class='ocrx_word' id='word_1_427' title='bbox 1544 4203 1597 4258; x_wconf 77' lang='grc' dir='ltr'><strong><em>καί</em></strong></span> <span class='ocrx_word' id='word_1_428' title='bbox 1622 4201 1861 4283; x_wconf 85' lang='grc' dir='ltr'><strong><em>προαιρέσεως),</em></strong></span> <span class='ocrx_word' id='word_1_429' title='bbox 1885 4199 1942 4262; x_wconf 82' lang='grc' dir='ltr'><strong><em>διά</em></strong></span> 
     </span>
     <span class='ocr_line' id='line_1_37' title="bbox 351 4297 1941 4389; baseline 0.004 -27"><span class='ocrx_word' id='word_1_430' title='bbox 351 4303 464 4382; x_wconf 76' lang='grc' dir='ltr'><strong><em>χειρῶν</em></strong></span> <span class='ocrx_word' id='word_1_431' title='bbox 486 4298 523 4360; x_wconf 79' lang='grc' dir='ltr'><strong><em>δὲ</em></strong></span> <span class='ocrx_word' id='word_1_432' title='bbox 546 4300 661 4359; x_wconf 88' lang='grc' dir='ltr'><strong><em>πενίαν</em></strong></span> <span class='ocrx_word' id='word_1_433' title='bbox 692 4301 746 4358; x_wconf 76' lang='grc' dir='ltr'><strong><em>καὶ</em></strong></span> <span class='ocrx_word' id='word_1_434' title='bbox 768 4300 831 4357; x_wconf 81' lang='grc' dir='ltr'><strong><em>ττόν</em></strong></span> <span class='ocrx_word' id='word_1_435' title='bbox 852 4299 933 4379; x_wconf 81' lang='grc' dir='ltr'><strong><em>πρὸς</em></strong></span> <span class='ocrx_word' id='word_1_436' title='bbox 957 4300 1136 4379; x_wconf 85' lang='grc' dir='ltr'><strong><em>θεραπείαν</em></strong></span> <span class='ocrx_word' id='word_1_437' title='bbox 1159 4297 1281 4359; x_wconf 90' lang='grc' dir='ltr'><strong><em>σπάνιν</em></strong></span> <span class='ocrx_word' id='word_1_438' title='bbox 1303 4305 1356 4360; x_wconf 79' lang='grc' dir='ltr'><strong><em>καί</em></strong></span> <span class='ocrx_word' id='word_1_439' title='bbox 1379 4301 1516 4363; x_wconf 80' lang='grc' dir='ltr'><strong><em>ἔνδειαν.</em></strong></span> <span class='ocrx_word' id='word_1_440' title='bbox 1562 4299 1739 4389; x_wconf 72' lang='grc' dir='ltr'><strong><em>2α’γαπφήν</em></strong></span> <span class='ocrx_word' id='word_1_441' title='bbox 1755 4303 1784 4365; x_wconf 89' lang='grc' dir='ltr'><strong><em>δ’</em></strong></span> <span class='ocrx_word' id='word_1_442' title='bbox 1798 4306 1842 4366; x_wconf 78' lang='grc' dir='ltr'><strong><em>ἄν</em></strong></span> <span class='ocrx_word' id='word_1_443' title='bbox 1859 4302 1941 4368; x_wconf 81' lang='grc' dir='ltr'><strong><em>ούτω</em></strong></span> 
     </span>
     <span class='ocr_line' id='line_1_38' title="bbox 352 4395 1944 4492; baseline 0.001 -26"><span class='ocrx_word' id='word_1_444' title='bbox 352 4406 406 4466; x_wconf 79' lang='grc' dir='ltr'><strong><em>καλ</em></strong></span> <span class='ocrx_word' id='word_1_445' title='bbox 417 4403 510 4476; x_wconf 86' lang='grc' dir='ltr'><strong><em>αύτδς</em></strong></span> <span class='ocrx_word' id='word_1_446' title='bbox 521 4400 573 4466; x_wconf 83' lang='grc' dir='ltr'><strong><em>ὑπ’</em></strong></span> <span class='ocrx_word' id='word_1_447' title='bbox 586 4400 717 4462; x_wconf 78' lang='grc' dir='ltr'><strong><em>ἐκείνων</em></strong></span> <span class='ocrx_word' id='word_1_448' title='bbox 729 4395 1018 4487; x_wconf 63' lang='grc' dir='ltr'><strong><em>άνλταγαπτόμενος.</em></strong></span> <span class='ocrx_word' id='word_1_449' title='bbox 1043 4401 1161 4465; x_wconf 69' lang='grc' dir='ltr'><strong><em>εούτωε</em></strong></span> <span class='ocrx_word' id='word_1_450' title='bbox 1186 4401 1223 4464; x_wconf 75' lang='grc' dir='ltr'><strong><em>δὲ</em></strong></span> <span class='ocrx_word' id='word_1_451' title='bbox 1245 4401 1326 4478; x_wconf 85' lang='grc' dir='ltr'><strong><em>λέγω</em></strong></span> <span class='ocrx_word' id='word_1_452' title='bbox 1350 4408 1435 4482; x_wconf 70' lang='grc' dir='ltr'><strong><em>πώςγ</em></strong></span> <span class='ocrx_word' id='word_1_453' title='bbox 1459 4403 1634 4488; x_wconf 74' lang='grc' dir='ltr'><strong><em>ἀληθινῶς,</em></strong></span> <span class='ocrx_word' id='word_1_454' title='bbox 1652 4412 1795 4492; x_wconf 85' lang='grc' dir='ltr'><strong><em>γνησίως,</em></strong></span> <span class='ocrx_word' id='word_1_455' title='bbox 1885 4409 1944 4474; x_wconf 85' lang='lat'><strong><em>99¹</em></strong></span> 
     </span>
    </p>
   </div>
   <div class='ocr_carea' id='block_1_3' title="bbox 350 4500 1944 4905">
    <p class='ocr_par' dir='ltr' id='par_1_6' title="bbox 350 4500 1944 4796">
     <span class='ocr_line' id='line_1_39' title="bbox 350 4500 1944 4595; baseline 0.002 -26"><span class='ocrx_word' id='word_1_456' title='bbox 350 4506 539 4586; x_wconf 82' lang='grc' dir='ltr'><strong><em>ελλικρτντός,</em></strong></span> <span class='ocrx_word' id='word_1_457' title='bbox 568 4503 611 4577; x_wconf 83' lang='grc' dir='ltr'><strong><em>ὡς</em></strong></span> <span class='ocrx_word' id='word_1_458' title='bbox 633 4500 667 4595; x_wconf 89' lang='grc' dir='ltr'><strong><em>τό</em></strong></span> <span class='ocrx_word' id='word_1_459' title='bbox 690 4526 725 4580; x_wconf 92' lang='grc' dir='ltr'><strong><em>γε</em></strong></span> <span class='ocrx_word' id='word_1_460' title='bbox 747 4507 921 4586; x_wconf 88' lang='grc' dir='ltr'><strong><em>περαιτέρω</em></strong></span> <span class='ocrx_word' id='word_1_461' title='bbox 945 4517 1176 4584; x_wconf 75' lang='grc' dir='ltr'><strong><em>προσαπαιτεῖν</em></strong></span> <span class='ocrx_word' id='word_1_462' title='bbox 1196 4527 1224 4569; x_wconf 88' lang='grc' dir='ltr'><strong><em>τι</em></strong></span> <span class='ocrx_word' id='word_1_463' title='bbox 1247 4509 1405 4589; x_wconf 86' lang='grc' dir='ltr'><strong><em>καπηλεία</em></strong></span> <span class='ocrx_word' id='word_1_464' title='bbox 1427 4532 1472 4582; x_wconf 90' lang='grc' dir='ltr'><strong><em>τις</em></strong></span> <span class='ocrx_word' id='word_1_465' title='bbox 1494 4511 1641 4592; x_wconf 81' lang='grc' dir='ltr'><strong><em>α’ντικρυς</em></strong></span> <span class='ocrx_word' id='word_1_466' title='bbox 1663 4516 1717 4572; x_wconf 74' lang='grc' dir='ltr'><strong><em>καὶ</em></strong></span> <span class='ocrx_word' id='word_1_467' title='bbox 1739 4510 1777 4576; x_wconf 87' lang='grc' dir='ltr'><strong><em>ού</em></strong></span> <span class='ocrx_word' id='word_1_468' title='bbox 1798 4515 1851 4595; x_wconf 82' lang='grc' dir='ltr'><strong><em>τῆς</em></strong></span> <span class='ocrx_word' id='word_1_469' title='bbox 1871 4512 1944 4591; x_wconf 74' lang='grc' dir='ltr'><strong><em>έμοί</em></strong></span> 
     </span>
     <span class='ocr_line' id='line_1_40' title="bbox 351 4605 1942 4699; baseline 0.003 -27"><span class='ocrx_word' id='word_1_470' title='bbox 351 4612 554 4692; x_wconf 90' lang='grc' dir='ltr'><strong><em>στεργομένης</em></strong></span> <span class='ocrx_word' id='word_1_471' title='bbox 577 4610 715 4692; x_wconf 76' lang='grc' dir='ltr'><strong><em>ψυχικῆς</em></strong></span> <span class='ocrx_word' id='word_1_472' title='bbox 735 4605 999 4692; x_wconf 79' lang='grc' dir='ltr'><strong><em>ἐλευθεριότητος.</em></strong></span> <span class='ocrx_word' id='word_1_473' title='bbox 1045 4608 1120 4689; x_wconf 61' lang='grc' dir='ltr'><strong><em>θέχε</em></strong></span> <span class='ocrx_word' id='word_1_474' title='bbox 1142 4606 1207 4684; x_wconf 86' lang='grc' dir='ltr'><strong><em>οὖν,</em></strong></span> <span class='ocrx_word' id='word_1_475' title='bbox 1232 4608 1249 4672; x_wconf 82' lang='grc' dir='ltr'>ὁ</span> <span class='ocrx_word' id='word_1_476' title='bbox 1274 4607 1452 4691; x_wconf 77' lang='grc' dir='ltr'><strong><em>ὁμώνυμος,</em></strong></span> <span class='ocrx_word' id='word_1_477' title='bbox 1477 4619 1530 4674; x_wconf 74' lang='grc' dir='ltr'><strong><em>καὶ</em></strong></span> <span class='ocrx_word' id='word_1_478' title='bbox 1552 4614 1735 4699; x_wconf 84' lang='grc' dir='ltr'><strong><em>ὁμοτρόπως</em></strong></span> <span class='ocrx_word' id='word_1_479' title='bbox 1757 4614 1820 4677; x_wconf 83' lang='grc' dir='ltr'><strong><em>κάν</em></strong></span> <span class='ocrx_word' id='word_1_480' title='bbox 1834 4617 1942 4699; x_wconf 83' lang='grc' dir='ltr'><strong><em>τούτῳ,</em></strong></span> 
     </span>
     <span class='ocr_line' id='line_1_41' title="bbox 352 4708 1621 4796; baseline 0.003 -20"><span class='ocrx_word' id='word_1_481' title='bbox 352 4717 407 4776; x_wconf 90' lang='grc' dir='ltr'><strong><em>καί</em></strong></span> <span class='ocrx_word' id='word_1_482' title='bbox 429 4729 486 4776; x_wconf 93' lang='grc' dir='ltr'><strong><em>σου</em></strong></span> <span class='ocrx_word' id='word_1_483' title='bbox 508 4714 589 4791; x_wconf 91' lang='grc' dir='ltr'><strong><em>τάχα</em></strong></span> <span class='ocrx_word' id='word_1_484' title='bbox 610 4711 667 4785; x_wconf 81' lang='grc' dir='ltr'><strong><em>τάς</em></strong></span> <span class='ocrx_word' id='word_1_485' title='bbox 688 4713 829 4795; x_wconf 88' lang='grc' dir='ltr'><strong><em>μέμψεις</em></strong></span> <span class='ocrx_word' id='word_1_486' title='bbox 851 4708 930 4774; x_wconf 84' lang='grc' dir='ltr'><strong><em>οὕτω</em></strong></span> <span class='ocrx_word' id='word_1_487' title='bbox 953 4713 1143 4792; x_wconf 85' lang='grc' dir='ltr'><strong><em>φευξόμεθα</em></strong></span> <span class='ocrx_word' id='word_1_488' title='bbox 1166 4714 1220 4796; x_wconf 76' lang='grc' dir='ltr'><strong><em>ἐφ’</em></strong></span> <span class='ocrx_word' id='word_1_489' title='bbox 1242 4712 1288 4788; x_wconf 86' lang='grc' dir='ltr'><strong><em>οίς</em></strong></span> <span class='ocrx_word' id='word_1_490' title='bbox 1310 4715 1390 4776; x_wconf 83' lang='grc' dir='ltr'><strong><em>κατά</em></strong></span> <span class='ocrx_word' id='word_1_491' title='bbox 1413 4720 1468 4778; x_wconf 83' lang='grc' dir='ltr'><strong><em>τόν</em></strong></span> <span class='ocrx_word' id='word_1_492' title='bbox 1489 4717 1621 4780; x_wconf 90' lang='grc' dir='ltr'><strong><em>είπόντα</em></strong></span> 
     </span>
    </p>

    <p class='ocr_par' dir='ltr' id='par_1_7' title="bbox 423 4830 1625 4905">
     <span class='ocr_line' id='line_1_42' title="bbox 423 4830 1625 4905; baseline 0.005 -20"><span class='ocrx_word' id='word_1_493' title='bbox 423 4852 436 4901; x_wconf 82' lang='lat'>5</span> <span class='ocrx_word' id='word_1_494' title='bbox 457 4832 544 4886; x_wconf 82' lang='lat' dir='ltr'>Thess</span> <span class='ocrx_word' id='word_1_495' title='bbox 561 4838 579 4900; x_wconf 84' lang='grc' dir='ltr'><strong><em>β</em></strong></span> <span class='ocrx_word' id='word_1_496' title='bbox 597 4853 621 4896; x_wconf 83' lang='grc' dir='ltr'><strong><em>τ,</em></strong></span> <span class='ocrx_word' id='word_1_497' title='bbox 640 4837 653 4885; x_wconf 86' lang='lat'><em>8</em></span> <span class='ocrx_word' id='word_1_498' title='bbox 670 4836 675 4900; x_wconf 90' lang='grc' dir='ltr'>Ι</span> <span class='ocrx_word' id='word_1_499' title='bbox 691 4852 706 4885; x_wconf 86' lang='grc' dir='ltr'><strong><em>τ</em></strong></span> <span class='ocrx_word' id='word_1_500' title='bbox 722 4832 815 4887; x_wconf 79' lang='grc' dir='ltr'><strong><em>ΡοεΙοι</em></strong></span> <span class='ocrx_word' id='word_1_501' title='bbox 834 4833 864 4894; x_wconf 84' lang='grc' dir='ltr'><strong><em>ξζ</em></strong></span> <span class='ocrx_word' id='word_1_502' title='bbox 882 4835 932 4902; x_wconf 81' lang='lat'><strong><em>141</em></strong></span> <span class='ocrx_word' id='word_1_503' title='bbox 949 4854 960 4887; x_wconf 91' lang='lat'>1</span> <span class='ocrx_word' id='word_1_504' title='bbox 981 4833 1097 4904; x_wconf 72' lang='grc' dir='ltr'><strong><em>δκερδῆσ</em></strong></span> <span class='ocrx_word' id='word_1_505' title='bbox 1113 4834 1176 4905; x_wconf 81' lang='grc' dir='ltr'><strong><em>(εἰσ)</em></strong></span> <span class='ocrx_word' id='word_1_506' title='bbox 1195 4836 1216 4891; x_wconf 81' lang='lat' dir='ltr'>O</span> <span class='ocrx_word' id='word_1_507' title='bbox 1237 4837 1408 4890; x_wconf 76' lang='lat' dir='ltr'><strong><em>Studemund</em></strong></span> <span class='ocrx_word' id='word_1_508' title='bbox 1624 4830 1625 4833; x_wconf 29' lang='lat'>¹</span> 
     </span>
    </p>
   </div>
   <div class='ocr_carea' id='block_1_4' title="bbox 0 0 2295 6164">
    <p class='ocr_par' dir='ltr' id='par_1_8' title="bbox 0 0 2295 6164">
     <span class='ocr_line' id='line_1_43' title="bbox 0 0 2295 6164; baseline 0 0"><span class='ocrx_word' id='word_1_509' title='bbox 0 0 2295 6164; x_wconf 95' lang='lat' dir='ltr'><strong><em> </em></strong></span> 
     </span>
    </p>
   </div>
  </div>
 </body>
</html>
