4560 6172
511 535 553 598 62

510 702 803 767 δυσκατάλλακτον·
835 698 891 763 δῦο
913 705 972 781 μὲν
1001 705 1062 784 γάρ
1091 702 1144 765 έπὶ
1170 702 1241 766 δυσί
1275 721 1333 765 τισι
1365 701 1549 783 πράγμασιν
1577 701 1850 785 ἀμφισβητοῦντας
1872 701 2023 787 ἀλλήλοις
2051 701 2091 766 ού

511 809 667 890 δυσχερῶς
688 831 732 880 τις
754 805 862 878 ἀνείς
885 803 1041 886 ὁμόνοιαν
1063 806 1229 869 συνελάσοι
1253 813 1306 868 καὶ
1328 809 1511 883 συναγάγοι,
1538 811 1592 867 καὶ
1612 816 1692 885 τρεῖς
1715 803 1755 870 αῦ
1777 804 1878 868 πάλιν
1895 805 2013 886 ὁμοίως
2034 806 2088 868 έπί

510 919 587 992 τρισὶ
611 913 878 995 διαφερομένους,
908 912 1036 972 ἕκαστον
1064 909 1185 992 ἑκάστω
1215 914 1457 993 προσαφορίσας
1487 914 1541 971 καὶ
1573 909 1749 990 ἀπονείμας
1778 913 1842 973 τῶν
1870 911 2089 994 περιμαχήτων

511 1019 639 1080 ἐκείνων
662 1020 715 1078 καλ
738 1019 914 1078 ποιούντων
935 1013 990 1096 τήν
1012 1013 1252 1098 ἀμφισβήτησιν,
1276 1021 1329 1076 καὶ
1351 1015 1447 1088 ούτως
1469 1015 1519 1077 ἐπ’
1542 1017 1610 1099 ἴσης
1632 1015 1737 1079 πάντα
1759 1026 1824 1089 τοῖς
1850 1015 1929 1076 πάσι
1951 1018 2030 1076 κατά
2053 1016 2087 1077 τό

511 1123 686 1204 ἰσάριθμον
709 1118 908 1198 διελόμενος·
931 1119 1015 1180 ἔνθα
1038 1120 1073 1179 δὲ
1096 1119 1138 1192 ὡς
1159 1123 1193 1181 τό
1217 1118 1342 1194 λόγιον,
1373 1130 1453 1198 τρεῖς
1474 1120 1526 1180 ἐπὶ
1550 1119 1653 1195 δυσίν,
1684 1123 1756 1203 ήτδ
1780 1118 1918 1197 ἔμπαλιν
1945 1118 2003 1181 δύο
2034 1119 2088 1181 ἐπὶ

510 1232 589 1305 τρισὶ
616 1228 695 1306 πρδς
725 1222 882 1304 ἀλλήλους
905 1220 1110 1302 ζυγομαχοῦσι
1135 1263 1167 1270 -
1198 1225 1289 1305 φύσει
1323 1223 1482 1302 δύσκριτος
1511 1223 1654 1286 ἐνταῦθα
1688 1225 1704 1305 ή
1734 1224 1819 1305 μάχη
1851 1226 1904 1282 καί
1931 1222 2012 1302 πρός
2034 1222 2089 1305 τήν

513 1330 661 1393 διάλυσιν
683 1329 815 1408 ἀπορος,
840 1325 893 1387 άεε
914 1325 1049 1406 μηδενὸς
1071 1326 1195 1405 ἔχοντος
1217 1330 1390 1407 προσφυῶς
1411 1330 1454 1409 τῷ
1476 1325 1636 1405 πράγματι
1655 1326 1859 1410 χρήσασθαι·
1883 1322 2008 1407 ἀνάγκη
2026 1331 2086 1407 γάρ

512 1433 648 1518 πάνήτως
670 1435 689 1514 ή
710 1432 742 1492 w*
766 1433 801 1491 ἓν
823 1430 886 1489 τῶν
907 1431 1001 1507 τριῶν
1022 1439 1086 1501 τοῖς
1108 1430 1179 1491 δυσὶ
1197 1429 1587 1511 προοῶποιςέπιμερίζειν,
1611 1433 1683 1513 ήτά
1704 1431 1762 1494 δύο
1776 1432 1945 1508 τέμνοντος
2033 1428 2088 1492 61¹

513 1538 614 1601 πάλιν
636 1537 679 1608 είς
701 1540 739 1597 τά
760 1535 829 1613 τρία
852 1530 1036 1610 βιάζεσθαι,
1072 1532 1114 1606 ῶς
1137 1536 1179 1595 ἀν
1201 1536 1279 1595 κατά
1301 1534 1397 1610 λόγον
1420 1532 1437 1612 ἡ
1461 1533 1564 1615 ἰσότης
1592 1531 1788 1618 ἀποσωθείη.
1824 1533 1909 1595 ἔνθα
1943 1531 1979 1593 δὲ
2010 1531 2089 1612 τομή

514 1642 709 1722 πράγματος,
731 1639 797 1700 έκεῖ
817 1639 872 1715 βία
896 1635 1031 1716 φύσεως·
1056 1637 1095 1718 ἢν
1117 1633 1134 1699 δ
1158 1637 1251 1714 λόγος
1274 1637 1348 1719 ήμῖν
1370 1634 1552 1719 ῦποδηλοῦν
1573 1637 1735 1717 βούλεται,
1773 1637 1815 1711 ῶς
1838 1641 1879 1698 ἀν
1901 1637 2086 1723 παραστήσῃ

511 1750 566 1827 τήν
588 1746 723 1823 δύναμιν
747 1745 799 1806 τοῦ
822 1744 1012 1824 κηρύγματος
1042 1746 1095 1801 καὶ
1118 1745 1172 1823 τήν
1194 1744 1246 1824 τῆς
1267 1742 1429 1818 βασιλείας
1450 1741 1549 1820 ίσχῦν,
1578 1743 1760 1825 βιαιοτάτην
1786 1765 1817 1804 τε
1846 1738 1944 1805 οὖσαν
1974 1746 2027 1802 καὶ
2049 1741 2087 1803 τά

510 1849 618 1912 πάντα
640 1846 837 1928 δραστήριον,
860 1846 929 1908 έπεὶ
952 1849 1004 1904 καὶ
1025 1845 1156 1922 βιασιάς
1178 1842 1332 1923 ἀρπάζειν
1355 1842 1451 1925 αὐτήν
1472 1844 1507 1906 έν
1530 1843 1671 1925 ἑτέροις*
1693 1847 1838 1924 άντικρυς
1860 1844 2087 1925 ἀποφαίνεται,

511 1959 565 2015 καὶ
586 1956 624 2015 τά
647 1951 830 2015 ἀδύνατα**
854 1951 943 2027 παρά
967 1946 1157 2030 ἀνθρώποις
1178 1953 1268 2027 παρά
1292 1953 1334 2030 τῷ
1358 1952 1425 2032 θεῷ
1449 1947 1571 2009 δυνατά
1594 1949 1724 2037 φησιήνή.
1771 1952 1847 2032 ὁτήν
1876 1948 1906 2011 δ’
1935 1949 2088 2032 ἐπιφερο-

510 2063 609 2141 μένην
630 2055 730 2131 ἑξάδα
753 2056 795 2137 μή
819 2054 899 2133 πρός
920 2056 1007 2116 τοῦτο
1023 2052 1192 2114 συνάπτειν
1214 2051 1422 2133 εὐλογώτερον
1441 2056 1524 2126 ἴσως,
1548 2050 1619 2114 ἀλλ’
1636 2050 1702 2115 οἷον
1716 2051 1972 2134 παραδείγματος
1984 2055 2089 2137 ἕνεκεν

513 2163 780 2242 προστεθειμένην
801 2155 1006 2235 ἐκδέχεσθαι,
1037 2157 1081 2229 εἷς
1109 2157 1165 2240 τήν
1195 2161 1247 2238 τῆς
1275 2155 1417 2238 ἀνάγκης
1447 2153 1647 2237 παράστασιν
1677 2156 1769 2240 (ὅπερ
1792 2156 1916 2242 ἔφαμεν
1939 2158 2012 2244 ήδη)
2034 2163 2088 2220 καὶ

511 2267 591 2345 πρδς
611 2266 644 2326 τό
666 2266 817 2344 γνωρίσαι
839 2268 872 2325 τδ
896 2260 1053 2343 ῥαγδαῖον
1075 2263 1128 2322 καί
1151 2258 1370 2322 ἀνυπόστατον
1391 2262 1442 2342 τής
1464 2257 1663 2344 εύαγγελικής
1684 2261 1848 2338 έξουσίας,
1883 2261 1938 2345 ὑφ’
1968 2258 2004 2344 ἧς
2033 2268 2088 2324 καὶ

509 2370 580 2441 τοῦς
602 2366 774 2450 ἀρρήκτους
795 2366 925 2445 δεσμούς
947 2369 1000 2447 τῆς
1022 2367 1156 2447 φυσικῆς
1177 2366 1309 2443 σχέσεως
1326 2362 1538 2447 ῥηγνυμένους
1560 2364 1642 2427 ἔστιν
1664 2363 1756 2444 δρᾶν.
1788 2363 1894 2427 θάλλά
1916 2369 2002 2430 τοῦτο
2028 2369 2087 2447 μὲν

511 2472 727 2557 ἀληθέστερον
749 2470 843 2556 (κατά
864 2493 898 2546 γε
921 2468 1022 2544 δόξαν
1043 2468 1155 2553 ἐμήν),
1191 2467 1292 2530 έκεῖνο
1315 2466 1351 2529 δὲ
1373 2466 1652 2551 προχειρότερον*·
1683 2467 1741 2533 δύο
1763 2468 1816 2531 ἐπὶ
1837 2471 1930 2551 τρισί,
1964 2467 2086 2552 δηλαδή

511 2575 569 2641 δύο
591 2579 709 2656 σχέσεις
729 2574 782 2637 έπὶ
807 2573 962 2651 συζυγίαις
985 2575 1090 2654 τρισίν.
1115 2571 1187 2658 ἔήχει
1207 2572 1268 2654 γάρ
1293 2571 1411 2657 (ῶσπερ
1434 2572 1548 2657 οἶσθα)
1577 2573 1656 2652 πρδς
1676 2575 1736 2652 μέν
1757 2575 1811 2635 τόν
1833 2569 1944 2637 υλδνδ
2032 2571 2089 2638 61²

512 2680 624 2764 πατήρ,
648 2681 727 2759 πρδς
748 2680 803 2760 τήν
823 2679 942 2761 μητέρα
959 2674 995 2738 δὲ
1013 2675 1031 2760 ή
1048 2677 1202 2758 θυγάτηρ,
1224 2677 1373 2756 καὶπρὸς
1390 2676 1444 2758 τήν
1461 2678 1590 2758 νύμφην
1604 2673 1623 2759 ή
1636 2677 1793 2759 πενθερά.
1815 2681 1869 2739 καὶ
1883 2681 1917 2740 τδ
1933 2678 2087 2758 ἔμπαλιν·

512 2795 592 2865 τρεῖς
614 2781 694 2862 δμοῦ
717 2781 872 2859 συζυγίαι,
903 2779 956 2842 ἐπὶ
985 2778 1056 2841 δυσί
1084 2777 1209 2852 ταύταις
1238 2781 1367 2858 σχέσεσι.
1397 2777 1534 2842 διπλοῦν
1553 2775 1615 2860 γάρ
1636 2779 1670 2841 τδ
1693 2781 1775 2862 πρδς
1795 2784 1840 2856 τί,
1874 2784 1935 2843 κάν
1957 2780 2089 2855 πολλοῖς

513 2885 744 2970 έφαρμόζηται·
780 2883 825 2958 οίς
847 2880 1037 2956 ἀκολούθως
1056 2883 1300 2965 έπισυνάψομεν
1321 2885 1357 2944 τδ
1383 2881 1471 2965 ἑξῆς,
1499 2882 1762 2965 έφερμηνεύοντες
1784 2880 1888 2966 ῶσπερ
1911 2889 1965 2946 καὶ
1987 2905 2088 2968 σαφη-

513 2991 656 3064 νίζοντες,
687 2994 742 3051 ίνα
769 2989 803 3051 τό
831 2991 890 3065 μὲν
918 2997 998 3068 τρεῖς
1023 2987 1078 3050 ἐπὶ
1107 2990 1169 3049 τῶν
1198 2985 1382 3069 προσιόπων
1410 2990 1465 3048 καὶ
1492 2990 1545 3069 τής
1573 2986 1703 3070 τριπλῆς
1733 2988 1770 3050 έν
1791 2988 1921 3061 ἐκείνοις
1943 2987 2087 3065 συζυγίας

512 3091 702 3174 ἀκούσωμεν,
724 3095 758 3155 τό
781 3091 816 3155 δὲ
838 3089 897 3156 δύο
917 3092 971 3152 έπῖ
991 3094 1043 3174 τῆς
1066 3094 1197 3171 σχέσεως
1219 3095 1271 3174 τής
1291 3090 1343 3153 ἐπ’
1366 3087 1470 3154 αὐτῶν
1492 3094 1554 3152 τῶν
1568 3093 1673 3175 τριῶν,
1695 3090 1732 3153 έν
1747 3091 1844 3154 δυάδι
1859 3093 1938 3155 κατὰ
1954 3092 2086 3172 ιδ·πρδς

512 3203 540 3260 τὶ
568 3199 799 3280 θεωρουμένης.
865 3196 1023 3262 7τοιοῦτον
1049 3197 1109 3277 μέν
1137 3194 1175 3277 δή
1205 3197 1239 3257 ιδ
1269 3197 1323 3257 τοῦ
1352 3191 1569 3278 εὐαγγελιστοῦ
1597 3197 1707 3259 τούτου
1734 3195 1879 3279 βούλημα
1912 3198 1988 3277 παρ’
2017 3196 2089 3278 έμοῖ

512 3305 598 3391 κριτῇ
634 3325 664 3364 τε
699 3305 754 3362 καὶ
791 3304 952 3390 στοχασιῇ.
1010 3299 1064 3361 8Ὁ
1087 3298 1123 3361 δὲ
1149 3301 1319 3371 θεσπέσιος
1348 3298 1485 3378 Μάρκος
1523 3297 1580 3379 οῦχ
1612 3297 1715 3383 ἑαυτῷ
1745 3301 1882 3381 παράγει
1910 3300 1963 3362 τὸν
1992 3298 2090 3378 λόγον

510 3405 703 3487 μαχόμενον,
725 3405 812 3487 εἴπερ
836 3404 874 3487 δή
897 3403 913 3466 δ
937 3403 1029 3478 αῦτός
1050 3403 1113 3466 έστι
1135 3403 1279 3476 παλαιᾶς
1301 3426 1331 3464 τε
1353 3407 1407 3464 καί
1429 3405 1504 3476 νέας
1527 3401 1679 3480 δεσπότης
1708 3409 1762 3466 καί
1791 3406 1981 3487 νομοθέτης·
2016 3403 2088 3467 ἀλλ’

508 3508 673 3589 Ἀβιάθαρ
702 3512 762 3589 μὲν
790 3504 878 3582 οὗτος
907 3508 1056 3590 ἀρχιερέα
1086 3511 1192 3591 φησίν,
1215 3505 1232 3589 ἢ
1256 3506 1376 3588 λστορία
1399 3505 1434 3569 δὲ
1451 3505 1615 3587 Ἀχιμέλεχ
1644 3504 1731 3587 ἱερέα
1754 3506 1838 3591 ήμῖν,
1861 3506 1917 3572 ούκ
1939 3505 2088 3591 ἀρχιερέα

512 3612 714 3693 παρέδωκεν·
750 3610 794 3685 ῶς
819 3611 968 3677 ἐντεῦθεν
996 3614 1222 3693 τεκμαίρεσθαι
1251 3614 1305 3673 τδν
1324 3609 1488 3692 Ἀβιάθαρ
1516 3614 1576 3690 μὲν
1604 3608 1687 3688 ἔχειν
1714 3613 1749 3672 τὸ
1776 3614 1829 3695 τῆς
1858 3609 2088 3696 ἀρχιερωσύνης

511 3717 637 3794 ἀξίωμα
665 3717 732 3778 κατ’
761 3715 899 3790 έκείνους
928 3718 997 3790 τοὺς
1025 3713 1176 3797 χρόνους,
1207 3715 1285 3776 καθ’
1315 3714 1369 3787 οῦς
1390 3713 1495 3792 Δαβλδ
1517 3713 1658 3799 ἔφευΙγεν
1680 3713 1747 3776 ἀπὸ
1769 3717 1944 3798 προσιόπου
2030 3718 2087 3782 62¹

512 3820 629 3896 Σαούλ,
651 3824 705 3883 τδν
725 3819 885 3902 Ἀχιμέλεχ
906 3819 942 3882 δὲ
962 3819 1030 3883 τότε
1051 3823 1088 3882 τδ
1111 3822 1164 3901 τῆς
1184 3816 1352 3901 ἱερωσύνης
1371 3817 1653 3900 μεταχειρίζεσθαι,
1676 3818 1729 3882 ὑπ’
1751 3818 1859 3904 έκείνφ
1880 3824 1956 3894 τέως
1977 3820 2087 3884 ταττό-

511 3947 608 4007 μενον
629 3929 683 3987 ιιαὶ
703 3926 740 3986 τά
763 3927 815 4008 τής
839 3927 932 3997 θείας
954 3922 1099 4004 λατρείας
1128 3923 1194 4006 ήτοι
1225 3925 1290 3985 κατ’
1318 3923 1494 4006 έφημερίαν
1523 3926 1690 4005 τηνικαῦτα
1719 3921 1874 4002 λαχόντα,
1906 3923 1989 4006 ᾔδε’
2010 3923 2087 3989 ὅλου

512 4029 670 4105 ἀνύοντα,
702 4026 745 4102 ῶς
766 4030 819 4093 τοῦ
836 4025 1000 4111 Ἀβιάθαρ
1021 4027 1116 4108 τυχδν
1137 4031 1224 4092 τοῦτο
1245 4031 1304 4106 μὲν
1325 4025 1492 4108 ἀξιώματι,
1514 4029 1601 4091 τοῦτο
1623 4025 1659 4088 δὲ
1682 4031 1737 4088 καὶ
1756 4026 1860 4111 γήρως
1888 4027 1993 4104 αίδοῖ,
2031 4034 2085 4113 τήν

512 4134 591 4195 κατά
613 4131 806 4195 τῶνᾶλλων
828 4128 938 4215 ἱερέων
959 4128 1115 4216 ῦπεροχήν
1136 4135 1340 4214 κεκτημένου,
1375 4135 1428 4192 καὶ
1451 4130 1505 4194 διὰ
1528 4135 1616 4196 τοῦτο
1638 4135 1827 4194 παντάπασι
1848 4133 1900 4213 τής
1921 4130 2089 4214 ὑπηρεσίας

512 4237 768 4321 ἀπηλλαγμένου.
800 4235 835 4311 ἕξ
865 4230 902 4300 οὗ
928 4258 983 4314 μοι
1009 4236 1099 4300 δοκεῖ
1126 4236 1296 4318 διαφυγεῖν
1328 4240 1382 4297 καὶ
1412 4236 1466 4298 τδν
1495 4235 1645 4299 κίνδυνον
1674 4233 1717 4310 ῶς
1738 4239 1780 4318 μή
1804 4235 1917 4317 παρῶν
1936 4246 2003 4309 τοῖς
2021 4236 2087 4299 τότε

512 4344 686 4421 πραχθεῖσι
717 4339 789 4422 μηδ’
818 4339 861 4401 ἔτι
888 4339 1073 4415 συντελέσας
1101 4342 1183 4423 πρὸς
1212 4343 1267 4424 τήν
1297 4341 1451 4421 σωτηρίαν
1481 4341 1534 4402 τοῦ
1556 4338 1721 4418 βασιλέως.
1767 4337 1841 4404 9οόκ
1863 4336 2037 4414 ἀπεικότως
2060 4340 2088 4403 δ’

512 4447 554 4506 ἀν
577 4445 680 4519 δόξειε
709 4448 763 4505 καὶ
792 4444 894 4526 πατήρ
917 4441 935 4505 δ
956 4442 1117 4527 Ἀβιάθαρ
1139 4446 1223 4507 εἶναι
1242 4447 1295 4509 τοῦ
1313 4442 1497 4525 Ἀχιμέλεχ·“
1514 4441 1697 4524 εῦρίσκομεν
1715 4444 1777 4524 γάρ
1791 4448 1846 4508 τδν
1857 4447 1909 4509 τοῦ
1927 4443 2089 4525 Ἀχιμέλεχ

512 4547 584 4611 υἱόν
602 4548 763 4630 Ἀβιάθαρ
786 4544 885 4620 αὖθις
906 4547 1116 4632 καλούμενον·
1140 4550 1218 4630 ὅπερ
1242 4547 1378 4632 σῦνηθες
1400 4551 1489 4629 ἴσμεν
1510 4545 1553 4620 ῶς
1566 4547 1619 4610 ἐπὶ
1633 4552 1666 4610 τδ
1688 4548 1834 4611 πλεῖστον
1848 4558 1912 4622 τοῖς
1926 4548 2087 4625 παλαιοῖς,

512 4656 567 4724 τάς
588 4657 651 4714 τῶν
673 4654 818 4731 πατέρων
841 4655 1052 4736 προσηγορίας
1071 4664 1135 4726 τοῖς
1157 4653 1299 4729 ἐκγόνοις
1320 4651 1572 4735 έπιφημίζουσιν.
1618 4651 1747 4726 10οὕτως
1768 4651 1843 4736 ήμῖν
1865 4653 2088 4736 ἐξεταζόμενον

584 4794 820 4858 4Matthaeus11,
832 4813 860 4847 12
874 4793 879 4859 Ι
896 4794 1010 4858 4Lucas
1021 4800 1058 4860 18,
1072 4816 1101 4863 27
1117 4798 1122 4861 Ι
1138 4801 1153 4848 6
1170 4795 1392 4864 προιχειρότερον
1410 4812 1472 4848 cum
1491 4794 1588 4848 littera
1606 4811 1684 4849 οτοεα
1703 4794 1724 4849 G
1743 4795 1911 4848 Studemund
1925 4800 1930 4861 Ι
1946 4801 1960 4848 8
1979 4796 2089 4852 Marcus

513 4887 536 4930 2,
555 4871 585 4919 26
601 4871 605 4932 ί
622 4871 635 4918 8
654 4866 737 4934 δαβιδ
752 4866 946 4936 apographum
966 4867 1082 4938 Bolligii
1099 4873 1133 4938 19
1153 4867 1233 4937 Regu
1244 4886 1336 4932 a21,2
1355 4885 1418 4934 τας
1435 4871 1486 4933 β8,
1498 4886 1526 4934 ¹7
1547 4867 1759 4936 paralipuna
1779 4867 1941 4922 Psalmvaz
