4560 6172
319 699 353 763 τδ
376 699 456 782 μηδὲ
478 700 584 782 διφῶν
605 710 740 783 κρεῖττον
761 703 782 782 ἢ
802 701 835 762 τὸ
855 703 994 782 μετρίως,
1064 724 1073 740 ·

320 804 372 887 ἐφ’
393 797 420 890 ᾦ
442 804 550 882 λαβεῖν
571 804 702 866 ἄνωθεν
725 803 819 878 αὐτός
839 808 893 887 τὴν
914 805 1017 885 χάριν,
1076 814 1084 823 ““

256 910 300 975 20
321 912 376 969 καὶ
396 904 549 989 σύντομον
572 912 655 986 σχῶν
676 911 738 970 τῶν
760 907 895 989 ὀρέξεων
917 910 1027 991 πέρας,
1052 970 1056 978 ,

321 1011 423 1096 πολλοὶ
445 1010 537 1093 χάρις
559 1029 608 1074 σοι
629 1017 691 1074 τῶν
712 1012 827 1090 λόγων,
851 1012 942 1090 λέγω,
964 1013 1060 1090 Λόγε,

321 1114 366 1190 οίς
386 1114 558 1198 εὐδόκησας
579 1114 704 1195 δωρεάν
723 1140 762 1197 με
784 1116 959 1180 πλουτίσαι.

322 1224 402 1302 πρὸς
424 1220 477 1291 οὓς
498 1220 531 1282 τό
555 1219 700 1282 πλεῖστον
722 1219 868 1299 ἀσχολῶν
889 1227 951 1284 τῶν
974 1220 1162 1302 φροντίδων,

323 1323 367 1397 είς
388 1321 489 1386 τᾶλλα
511 1324 564 1386 τὸν
585 1328 662 1388 νοῦν
683 1324 838 1406 δυσχερῶς
859 1324 1054 1407 έπισιρέφω·

259 1429 302 1494 25
323 1426 368 1501 οίς
389 1427 554 1510 ἐντρυφῶν
569 1424 695 1511 νύκτωρ
717 1451 747 1490 τε
769 1434 827 1489 καὶ
845 1431 921 1508 μεθ’
944 1427 1073 1511 ἡμέραν,
1617 1441 1646 1490 25
1667 1422 1746 1476 10⁸1²0
1766 1424 1822 1484 1,8

323 1530 423 1609 ἄλλης
441 1534 560 1612 τρυφῆς
580 1530 687 1612 ἥκιστα
709 1535 860 1612 ποιοῦμαι
883 1532 999 1611 λόγον·
1670 1492 1821 1561 Palm*

326 1633 417 1716 άρκεῖ
437 1638 498 1717 γὰρ
519 1631 594 1717 αὕτη
617 1645 820 1716 ψυχαγωγεῖν
841 1636 1009 1711 πλουσίως,

324 1740 464 1820 βρόουσα
487 1742 595 1800 πᾶσαν
617 1736 736 1822 ἡδονήν
756 1763 787 1801 τε
809 1745 862 1801 καὶ
883 1743 988 1823 χάριν.

327 1842 412 1925 πλὴν
433 1841 503 1904 ἀλλ’
525 1842 615 1919 άγοις
637 1842 715 1907 οὕτω
736 1866 775 1923 με
797 1849 851 1905 καὶ
872 1847 992 1925 φέροις,
1016 1844 1111 1922 Λόγε,

261 1950 305 2015 30
325 1948 487 2028 άτρεπτον,
510 1943 693 2029 άκλόνητον,
717 1945 945 2029 ἧδραιωμένον,

326 2053 399 2114 εἴσω
420 2053 556 2130 μένοντα
578 2054 641 2112 τῶν
660 2053 855 2132 τεταγμένων
876 2052 970 2135 ὅρων,

327 2153 370 2228 ῶς
391 2156 526 2216 ἄνθεσιν
547 2152 700 2234 μέλισσαν
719 2153 756 2216 έν
776 2154 898 2234 βίβλοις
918 2159 1072 2238 στρέφων,

328 2259 371 2333 ῶς
391 2262 509 2337 τέττιγα
531 2257 637 2344 δρόσῳ
659 2282 698 2339 με
720 2269 783 2332 τοῖς
806 2259 912 2337 λόγοις
932 2264 1067 2344 τρέφων,

328 2363 441 2446 μόνοις
461 2386 491 2425 τε
513 2364 639 2425 πείθων
661 2372 725 2434 τοῖς
746 2366 902 2446 παροὶσιν
924 2366 1080 2445 ἐμμένειν,

263 2469 306 2536 35
330 2468 400 2554 Ικαῖ
420 2466 520 2551 μηδὲν
542 2465 640 2529 αίτεῖν
660 2465 741 2529 ἄλλο
761 2465 844 2550 πλὴν
866 2471 1031 2552 σωτηρίαν,
1255 2470 1313 2535 35²

171 2578 175 2589 '
328 2573 374 2645 είς
394 2571 433 2654 ἦν
453 2594 492 2651 με
513 2573 634 2632 βάττον
654 2569 858 2652 προσλάβοις,
881 2568 1032 2653 εὗεργέτα,

331 2679 390 2737 κῶν
411 2674 490 2759 μηδὲ
511 2684 574 2747 τοῖς
596 2678 652 2737 νῦν
674 2668 801 2758 σφόδρα
823 2675 985 2749 δυσκόλως
1006 2678 1076 2756 ἔχω.

329 2783 471 2860 κρείττων
492 2782 553 2858 γάρ
575 2777 725 2851 εὖπλοίας
745 2800 776 2839 τε
798 2782 853 2839 καί
874 2780 1002 2862 κούφων
1024 2779 1134 2843 πόνων

330 2885 427 2967 ὅρμος
448 2883 601 2955 ποθεινός
624 2885 677 2942 καὶ
698 2883 730 2943 τδ
753 2885 816 2945 τῶν
838 2883 948 2946 πόνων
969 2883 1070 2958 τέλος·

266 2991 310 3056 40
332 2985 377 3050 ῶν
397 3009 453 3068 μοι
473 2996 576 3066 τυχεῖν
596 2988 715 3062 γένοιτο
739 2983 850 3066 ῥᾷστα,
872 2989 987 3069 Χριστέ
1007 3008 1079 3068 μου.

247 3198 319 3266 90.
334 3194 444 3257 Ἀλλοι
466 3198 538 3277 περὶ
558 3190 671 3256 ἑαυτοῦ
691 3194 772 3275 πρὸς
792 3196 847 3256 τόν
867 3197 1014 3275 Χριστόν.

291 3304 308 3365 1
334 3298 439 3382 Πολλὴ
462 3297 553 3379 χάρις
575 3315 625 3358 σοι
646 3299 708 3359 τῶν
729 3296 843 3373 λόγων,
865 3303 945 3362 θεοῦ
967 3304 1069 3378 Λόγε·

332 3401 377 3477 οἷς
397 3401 570 3486 εὗδόκησας
590 3400 715 3483 δωρεάν
734 3425 773 3482 με
796 3401 979 3466 πλουτίσαι·

333 3505 436 3589 πολλὴ
456 3507 547 3587 χάρις
570 3524 619 3568 σοι
640 3504 730 3569 τοῦδε
751 3509 805 3570 τοῦ
827 3511 958 3588 τερπνοῦ
979 3511 1050 3586 βίου

332 3615 387 3674 καί
406 3614 458 3693 τῆς
480 3609 584 3691 ἔμοιγε
605 3607 754 3693 φιλτάτης
775 3608 946 3693 άπραξίας.

291 3717 313 3783 5
334 3718 409 3788 ἴσως
430 3712 548 3790 α’δοξός
570 3713 662 3789 ἐστιν,
685 3712 759 3775 ἀλλ’
779 3713 955 3799 ἐλευθέρα·

333 3822 407 3893 ἴσως
429 3817 548 3901 κρότων
570 3817 712 3898 άμοιρος,
734 3816 820 3880 άλλά
841 3824 895 3881 καὶ
917 3819 1071 3903 φθόνων·

334 3926 435 4007 κτῆσίς
456 3945 500 3995 τις
521 3919 559 3986 οδ
579 3921 760 4004 πρόσεστιν,
782 3921 856 3986 σε’δὲ
878 3924 1051 4007 φροντίδες,

332 4033 370 4091 αϊ
388 4025 515 4107 μᾶλλον
535 4024 695 4109 έκτήκουσι
717 4027 839 4109 σάρκας
860 4024 1014 4092 δεσπότου

334 4135 355 4215 ἢ
375 4137 437 4195 τῶν
459 4131 641 4213 προσόντων
662 4127 680 4213 ἦ
702 4135 850 4212 μετουσία
871 4135 988 4215 τρέφει.

274 4239 316 4305 10
336 4238 448 4299 άπεστι
470 4234 581 4318 κέρδος
586 4263 598 4313 ,·
621 4232 705 4298 άλλά
729 4239 783 4297 καὶ
804 4240 978 4319 μοχθηρία,

334 4341 353 4425 ἢ
376 4339 481 4402 πάντα
503 4338 634 4420 κέρδους
655 4338 846 4419 έξανιχνεέει
869 4341 980 4421 πόρον,

336 4446 354 4528 ἢ
377 4443 538 4526 κερμάτων
558 4446 654 4522 χνοέν
674 4442 761 4506 οῖδεν
781 4443 930 4524 ἐκλείχειν
951 4445 1042 4529 μόνη.

335 4546 373 4613 οὗ
395 4558 565 4629 προσκυνεῖ
585 4570 629 4620 τις
651 4545 724 4612 οὐδὲ
747 4550 888 4612 θωπεύει
910 4547 992 4630 τάχα
999 4579 1010 4627 ,·

336 4648 373 4716 οὗ
396 4656 633 4735 προσκυνοῦμεν
655 4650 707 4714 οία
729 4655 841 4726 θῶπες
862 4649 989 4729 οὐδένα,

274 4758 314 4825 15
336 4754 408 4818 ἀλλ’
430 4753 563 4833 εὖγενῶς
585 4754 730 4830 ἅπαντας
753 4754 795 4830 ῶς
817 4758 885 4820 κατ’
907 4755 1028 4820 εἰκόνα.

335 4860 489 4945 προεδρία
511 4864 573 4925 ποῦ
578 4889 590 4939 ,·
612 4865 665 4922 καὶ
688 4861 876 4944 προσεδρεία
899 4864 988 4940 πότεγ
