4560 6172
338 556 380 621 32

343 724 406 788 130
428 724 447 803 ἢ
469 722 525 803 τὴν
549 720 667 801 ἐκείνης
688 714 895 800 αότοιδέλφην
916 716 1024 794 ἀξίαν,

428 825 446 886 δ
470 825 589 894 παντός
611 819 713 882 ἀλλου
734 821 841 900 μεῖζον
863 821 910 893 εἰς
930 821 1088 894 εὐδοξίαν.

425 926 443 989 ὁ
467 926 601 1006 Χριστός
624 921 680 988 οὖν
702 925 844 1002 τέταρτος
864 922 939 999 ὑμῖν
961 924 997 984 ἐν
1017 925 1104 1005 μέσῳ

427 1027 495 1117 Ιάεὶ
517 1031 662 1106 παρέστω
684 1031 738 1088 καὶ
761 1028 841 1106 πρὸς
863 1023 1022 1107 ἀλλήλους
1043 1027 1122 1104 μίαν
1370 1018 1428 1085 26²

429 1135 610 1210 σόμπνοιαν
630 1129 790 1211 ἐργάζοιτο
813 1133 866 1190 καί
888 1131 1087 1207 συμφυχίαν,

344 1235 407 1302 135
429 1235 537 1306 διδοὺς
559 1233 663 1293 άπασι
685 1233 810 1310 μακρόν
831 1231 955 1294 ἐνθάδε
977 1231 1104 1312 χρόνον,

428 1338 531 1411 δόξαν
555 1336 583 1398 δ’
606 1335 732 1398 ἐκεῖθεν
752 1335 808 1416 την
829 1334 943 1398 ἑαυτοῦ
967 1337 1155 1414 προσνέμων

429 1445 487 1503 καὶ
505 1440 540 1501 τδ
564 1440 687 1520 στέφος,
710 1441 863 1518 κράτιστε,
886 1443 940 1519 τῆς
961 1435 1166 1518 ἀφθαρσίας.

346 1647 414 1713 55.
436 1644 492 1716 Είς
514 1647 571 1715 τάς
593 1642 774 1715 δεσποίνας.

390 1751 408 1813 l
433 1755 564 1818 Δισσατς
586 1744 743 1818 ἀνάσσοις
766 1743 984 1824 αόταδέλφαις
1007 1741 1206 1818 Αὐγούσταις

432 1849 568 1932 διόρημα
590 1853 701 1910 κοινὸν
722 1847 757 1921 ἐξ
779 1846 851 1918 ἑνός
872 1845 988 1908 δούλου
1010 1844 1093 1906 τόδε.

432 1950 477 2025 είς
497 1955 553 2034 την
574 1951 653 2032 ἐμόν
676 1951 852 2013 δέσποιναν
875 1947 912 2011 οὐ
933 1959 1031 2029 χωρεῖ
1050 1948 1156 2020 τόπος,

432 2055 503 2117 ἀλλ’
528 2054 544 2136 ἦ
568 2054 635 2115 κατ’
658 2050 755 2133 αὐτὴν
777 2053 859 2126 δόξα
881 2056 935 2113 καί
956 2055 990 2113 τδ
1014 2053 1070 2115 νῦν
1092 2050 1184 2122 κλέος

391 2159 412 2224 5
434 2158 568 2219 ἀπαοαν
590 2154 756 2237 ἐπληρωσε
776 2157 832 2236 τὴν
854 2153 1051 2236 οἰκουμένην,

435 2263 491 2323 καὶ
512 2263 675 2337 πανταχοῦ
699 2261 808 2340 φαίνει
828 2280 860 2319 τε
882 2260 935 2317 καὶ
958 2255 1076 2337 λάμπει
1100 2254 1200 2317 πλέον

433 2367 486 2445 τῆς
508 2360 754 2439 κοσμολαμποῦς
777 2358 976 2440 πανσελήνου
999 2358 1186 2435 λαμπάδος·

434 2463 511 2527 ὥστε
534 2462 692 2546 πρόδηλος
714 2465 814 2525 πᾶσιν
838 2460 855 2544 ἦ
879 2462 989 2544 ταύτης
1010 2463 1112 2541 χάρις,

435 2569 496 2628 κάν
518 2566 613 2628 ἔνδον
634 2562 710 2648 αὐτοὶ
731 2569 795 2626 τόν
816 2563 1004 2644 ἀνακτόρων
1024 2567 1114 2648 μένη.

373 2671 415 2735 10
436 2668 508 2731 ἀλλ’
531 2666 557 2730 ὦ
577 2672 701 2750 μεγίστη
724 2671 818 2746 κυρία
840 2671 893 2731 τοῦ
914 2673 971 2732 νῦν
991 2670 1101 2743 γένους

436 2772 531 2858 (πρὸς
551 2773 613 2851 γάρ
636 2775 671 2832 σὲ
693 2773 803 2853 τρέψω
824 2772 879 2832 τόν
900 2771 1021 2851 βραχὺν
1044 2773 1153 2834 τοῦτον
1173 2768 1282 2847 λόγον,

436 2878 497 2937 κάν
518 2877 560 2957 μη
582 2873 714 2953 βλέπειν
735 2874 796 2952 ἔχω
818 2891 862 2946 σε,
885 2877 954 2944 πῶς
977 2873 1053 2955 δέχη
1074 2872 1175 2957 τάδε),
1763 2890 1792 2952 ξε
1810 2872 1883 2939 δεντι
1902 2870 1936 2923 ut

438 2974 464 3040 ιδ
485 2981 547 3039 τῶν
569 2977 724 3039 τοσούτων
745 2976 858 3057 έκγόνη
879 2941 1042 3050 βασιλέωά
1744 2939 1953 3066 νέἓξὲυἷξωέᾱ

436 3080 531 3152 δσους
554 3075 710 3161 ἀριθμεῖν
731 3076 789 3143 οὐκ
812 3080 909 3140 ἔνεστι
932 3077 1062 3161 ῥαδίως,
1780 3082 1905 3136 deletum

375 3185 416 3250 15
437 3187 470 3248 τό
493 3187 651 3267 σκῆπτρον
674 3182 773 3266 ἡμῶν,
796 3182 814 3265 η
838 3187 989 3264 πρόνοια,
1012 3185 1045 3244 τδ
1069 3185 1192 3264 κράτος,
1746 3154 1918 3206 &mmm

437 3289 491 3369 τῆς
512 3284 668 3362 εὐγενείας
691 3284 858 3367 λείψανον,
881 3289 934 3368 τῆς
956 3285 1125 3367 πυρφόρος

439 3388 611 3451 κάλλιστον
629 3389 745 3463 ἀνθος,
767 3392 881 3468 χρῶμα
903 3392 956 3469 τῆς
976 3387 1176 3469 ἁλουργίδας,

438 3489 596 3572 ἐφθαλμὲ
619 3488 749 3569 κόσμον,
772 3491 897 3564 πλοῦτε,
921 3491 1013 3565 δόξα,
1038 3490 1231 3572 λαμπρότης,

440 3594 537 3680 Ιπάν,
560 3595 591 3654 εἴ
609 3615 638 3656 τι
658 3599 793 3672 τερπνὸν
815 3593 898 3655 ἀλλο
920 3597 983 3656 τόν
1004 3597 1200 3671 τιμωμένων,
1374 3595 1431 3660 27¹

374 3697 418 3762 20
439 3693 466 3757 ὦ
487 3702 550 3757 τῶν
571 3698 650 3757 καθ’
673 3693 756 3777 ἡμᾶς
778 3697 974 3776 πραγμάτων
996 3699 1144 3779 σωτηρία,

443 3796 505 3880 ζωή
527 3821 558 3860 τε
580 3802 634 3860 τοῦ
658 3802 842 3876 σύμπαντος
862 3797 1073 3880 εὐτυχεστάτη,

439 3901 519 3976 οὕτω
542 3899 703 3965 πλατάνου
725 3904 782 3984 γῆς
804 3900 862 3963 ἀπ’
883 3890 992 3981 ἀκρων
1014 3901 1061 3974 είς
1082 3900 1177 3982 ἀκρα,

440 4006 604 4086 φαίνουσα
625 4009 735 4079 πᾶσιν,
759 4004 895 4081 ἐγγύθεν
917 4010 971 4064 καὶ
993 4005 1179 4086 μακρόθεν·

440 4107 537 4179 οὕτως
560 4103 706 4189 ὁρωμένη
726 4129 758 4168 τε
779 4112 834 4168 καί
855 4111 1052 4189 κεκρομμένη

376 4210 419 4275 25
441 4208 565 4290 πλήρου
587 4211 624 4271 τά
647 4215 756 4272 πάντα
779 4214 884 4290 φωτός
906 4208 1202 4292 άκραιφνεστάτου·

440 4311 519 4374 οὕτω
543 4312 578 4373 δὲ
601 4315 725 4385 πυκνάς
747 4316 853 4395 πέμπε
874 4317 931 4386 τάς
952 4311 1174 4394 λαμπηδόνας,

441 4417 558 4496 ἔχουσα
579 4415 832 4497 συλλάμπουσαν
853 4417 889 4478 ἐκ
911 4418 965 4480 τοῦ
986 4415 1120 4498 πλησίον

442 4517 545 4596 ἀλλην
568 4518 710 4601 σεαυτήν,
734 4520 789 4600 τὴν
812 4519 891 4600 ἐμην
911 4521 972 4601 μὲν
993 4517 1153 4593 δεσπότιν,

442 4621 500 4704 δην
523 4620 551 4682 δ’
574 4617 780 4704 αὖταδέλφην
800 4623 933 4702 γνησίαν
955 4625 1009 4682 καί
1031 4621 1196 4705 φιλτάτην,

378 4723 422 4787 30
442 4718 464 4813 ᾖ
486 4727 691 4803 συμμετέσχες
711 4729 765 4785 καί
785 4726 898 4801 γένους
920 4728 977 4786 καὶ
998 4731 1052 4789 τοῦ
1074 4728 1218 4808 στέφονς,

443 4821 464 4915 ᾗ
486 4826 655 4916 συμμερίζη
678 4829 733 4891 τοῦ
756 4828 890 4910 κράτους
910 4829 968 4902 τάς
989 4824 1089 4912 ἡνίας.
