4560 6172
294 719 396 795 οὐδεὶς
418 719 445 783 δ
468 720 559 802 ἐρίζει
581 724 623 806 τῷ
646 723 767 808 ξενιστῇ
789 722 842 784 τοῦ
863 720 979 801 γέρως·

290 826 446 900 ἐξίσταται
467 826 529 906 γάρ
551 827 714 904 πανταχοῖ
735 830 797 886 τῶν
816 826 927 903 τομίων

293 940 356 1002 τοίς
379 932 525 1009 κρείττοσι
547 931 718 1009 πρόθυμος
739 925 873 1011 ἡττόνων
895 927 997 1010 φόσις.

230 1034 273 1099 35
294 1031 391 1116 ἥττων
413 1033 449 1094 δὲ
471 1035 536 1106 πάς
557 1055 601 1104 τις
622 1036 676 1096 τοῦ
699 1035 883 1114 κρατοῦντος
905 1031 1058 1111 έννόμως,

294 1135 400 1208 ἄλλως
420 1158 460 1210 τε,
484 1137 545 1197 κάν
567 1133 652 1214 τόχοι
674 1156 719 1209 τις
740 1132 777 1197 οδ
799 1132 906 1215 δῶρον
927 1139 1028 1218 τύχης,

297 1239 369 1301 ἀλλ’
392 1239 427 1301 έκ
451 1242 530 1303 θεοῦ
553 1241 636 1318 σχοίν
657 1241 710 1302 τοῦ
732 1239 865 1318 κράτους
886 1239 942 1311 τάς
963 1237 1054 1322 ἡνίας

296 1342 338 1417 ὡς
359 1341 377 1406 ὁ
399 1346 547 1424 κραταιὸς
568 1340 719 1425 δεσπότης
742 1347 976 1416 Κωνσταντίνος

298 1446 315 1509 δ
340 1445 546 1524 Μονομάχος,
571 1441 607 1509 οὗ
628 1444 785 1527 κρατήσας
807 1444 824 1507 ό
848 1444 978 1528 φθόνος

231 1552 275 1616 40
297 1547 515 1633 άντεκρατηθη
537 1552 591 1610 καί
613 1552 768 1632 νενίκηται
791 1547 899 1622 πλέον,

298 1657 378 1718 θεοῦ
399 1653 554 1734 κραταιάν
575 1662 664 1733 χείρα
687 1652 798 1725 δόντος
820 1651 960 1733 ὑψόθεν,

300 1762 353 1818 καὶ
377 1760 456 1837 πρὸς
476 1758 620 1840 μεγίστην
643 1756 746 1830 δόξαν
767 1755 802 1830 ἐξ
824 1752 950 1834 α’τιμίας

301 1862 436 1941 ἄραντος
459 1858 555 1923 αὐτόν
575 1861 666 1940 μέχρι
689 1865 743 1919 καὶ
765 1858 913 1939 λαμπροί
938 1861 1081 1941 στίφους,

225 1974 226 1978 ’
300 1964 351 2026 άεί
373 1987 403 2026 τε
426 1962 679 2044 συμπράττοντος
701 1963 723 2023 ά
746 1963 893 2043 πράττειν
916 1965 1022 2042 θέμις,

236 2069 280 2134 45
302 2071 355 2127 καὶ
378 2065 658 2139 συνδιευθόνοντος
679 2063 763 2152 αὐτῷ
785 2069 818 2128 τδ
841 2066 964 2145 κράτος,

303 2170 375 2244 δέος
395 2173 455 2251 μὲν
476 2170 616 2251 έχθροϊς,
639 2167 758 2253 ηδονην
780 2168 808 2231 δ’
830 2168 993 2253 όπηκόοις,

303 2278 356 2334 καί
378 2276 493 2351 θαῦμα
516 2275 634 2346 παντὸς
655 2277 708 2336 τοῦ
728 2274 800 2350 βίου
823 2277 876 2334 καὶ
897 2271 951 2336 τοῦ
971 2269 1099 2355 χρόνον.

304 2376 387 2452 ἄλλ’,
410 2375 435 2439 ιδ
458 2380 586 2458 κραταιὲ
609 2374 747 2438 δέσποτα
770 2376 959 2460 στεφηφόρε,

304 2480 397 2561 δέχου
419 2483 474 2543 τόν
496 2482 649 2555 ἐξάγοντα
672 2482 742 2562 φάς
763 2476 830 2541 α’πὸ
854 2481 991 2553 σκότους,

242 2586 285 2652 50
306 2587 360 2649 τόν
382 2586 417 2660 έξ
437 2583 588 2661 α’ναγκοῖν
610 2584 708 2647 δόντα
731 2601 781 2646 σοι
804 2587 958 2666 σωτηρίαν

307 2693 360 2750 καὶ
382 2691 462 2771 πρὸς
483 2691 629 2751 τοσοῦτον
649 2687 735 2769 ὕψος
755 2687 917 2770 έξάραντά
940 2705 991 2751 σε·
1019 2756 1021 2761 ,

308 2792 401 2872 δέχου
424 2816 455 2854 τε
479 2796 603 2874 πιστῶς,
625 2796 678 2853 καί
701 2794 772 2870 σέβε
793 2793 873 2876 πρός
896 2788 1002 2868 άξίαν,

306 2896 445 2979 βλέπων,
469 2894 606 2971 α’κούοιν,
629 2898 825 2979 προσκυνῶν,
851 2898 984 2976 κρατῶν,
1007 2896 1116 2979 φέρων

308 2999 404 3064 αὐτόν
426 3000 507 3062 θεόν
528 3023 559 3061 τε
580 3003 633 3061 καί
656 3003 735 3062 θεοῦ
758 3001 903 3083 φρικτοὺς
926 2998 1048 3075 λόγους,

242 3107 285 3172 55
309 3104 359 3191 Ιτδ
385 3107 447 3167 τῶν
467 3105 589 3183 βροτῶν
611 3106 691 3185 φάς,
712 3103 767 3186 τη“ν
788 3104 909 3185 τρυφὴν
930 3108 993 3166 τοῖν
1014 3101 1167 3182 α’γγέλων,
1277 3197 1279 3201 Ι

307 3213 362 3270 τὸν
384 3211 437 3269 καὶ
458 3206 686 3285 βασιλεύσαντα
708 3211 761 3269 καί
785 3207 946 3292 στέψαντά
968 3227 1003 3270 σε

309 3316 363 3374 καὶ
385 3311 651 3391 συμβασιλεύοντα
673 3315 727 3372 καὶ
749 3311 906 3373 σκέποντά
927 3328 977 3373 σε·

309 3409 337 3501 ᾧ
358 3413 513 3492 συγξένιζε
534 3419 590 3475 καὶ
611 3413 724 3497 φίλους
746 3416 948 3496 καὶμητέρα,

311 3517 409 3584 αὐτόν
429 3541 460 3581 τε
482 3518 536 3580 τόν
557 3515 615 3581 σόν
636 3522 802 3597 σύμμαχον
823 3522 876 3578 καὶ
897 3516 1082 3601 προστάτην,

247 3626 290 3690 60
311 3619 338 3710 ᾧ
358 3623 398 3685 τά
420 3622 558 3703 τρόπαια
581 3621 690 3704 κλῆσιν
711 3620 807 3697 άξίαν
828 3621 926 3684 ἔθου·

312 3730 428 3803 πάντες
449 3728 510 3807 γάρ
532 3727 576 3799 είς
598 3729 634 3789 ἓν
657 3724 888 3808 συνδραμόντες
910 3723 1042 3808 άθρόοι,

311 3832 426 3896 σύνεισι
448 3835 584 3913 Χριστῷ,
608 3833 661 3891 καὶ
683 3828 809 3892 δέονται
831 3831 888 3894 σοῦ
907 3828 1021 3909 χάριν·

313 3936 427 4007 πάντες
449 3938 482 3996 σε
504 3933 740 4015 λαμπρύνουσι·
764 3934 886 4007 πάντας
907 3929 962 3998 οὖν
984 3931 1086 4012 δέχου.

314 4035 397 4103 οὗτοι
419 4041 532 4122 στέφος
554 4055 614 4114 σοι,
635 4040 804 4120 μάργαροι,
828 4038 969 4120 λαμπροὶ
990 4036 1098 4114 λίθοι,

251 4146 293 4211 65
315 4145 500 4224 κοσμοῦντες
522 4142 566 4215 οίς
588 4141 740 4204 κάλλιστα
762 4145 816 4225 την
838 4139 1024 4221 ἁλουργίδα.

314 4243 398 4312 οὗτοι
421 4246 486 4308 κατ’
507 4246 636 4326 ἐχθρῶν
660 4243 746 4309 όπλα
769 4265 817 4308 σοι
841 4247 1010 4328 νικηφόρα,

314 4352 392 4432 μεθ’
415 4344 460 4411 οἷν
481 4359 603 4433 κρατείς
623 4371 653 4410 τε
677 4353 729 4410 καὶ
751 4349 914 4432 κρατήσεις
935 4350 980 4422 είς
1001 4347 1098 4422 τέλος,

317 4454 354 4516 έν
374 4451 419 4527 οίς
441 4452 594 4536 φυλάξεις
615 4450 738 4532 εὐτυχές
759 4470 815 4516 σου
837 4454 870 4515 τὸ
894 4452 1018 4534 κράτος,

317 4558 417 4641 κοίην
438 4558 515 4639 παρ’
538 4555 641 4621 αὐτῶν
662 4560 716 4617 καὶ
737 4560 800 4639 πρδ
822 4561 874 4638 τῆς
895 4557 931 4620 έν
951 4556 1056 4621 έλπίσι

253 4665 296 4728 70
316 4666 369 4746 τῆς
389 4659 545 4740 εὐσεβείας
566 4661 620 4744 την
644 4658 781 4745 άμοιβην
803 4661 986 4744 λαμβάνων.

234 4874 301 4942 82.
323 4871 380 4947 Είς
402 4869 577 4953 σταύρωσον
598 4873 726 4954 χρυσῆν.

1609 3132 1811 3200 55Ρεο1αιοζκς

1637 3205 1728 3260 ὃσοίε
1745 3203 1782 3258 αδ

1619 3275 1795 3329 Theodorum

1616 3348 1808 3415 Mopsuhesto·

1609 3437 1674 3472 num
1689 3419 1741 3483 148
1762 3418 1815 3472 Ba-

1619 3490 1698 3542 silius
1709 3509 1762 3556 133,
1772 3508 1804 3556 34

1610 3566 1662 3625 188,
1673 3579 1704 3628 49
1720 3580 1774 3628 347,
1785 3580 1812 3613 21

1622 3651 1714 3714 ³ss235
1735 3633 1800 3686 Fro-

1610 3705 1675 3759 bem
1685 3707 1695 3736 ί
