4560 6172
340 425 403 489 190
1840 422 1929 492 188

341 595 496 674 δοόμεναι
525 598 578 657 καὶ
598 593 770 658 τύπτουσαι
791 597 904 674 στέρνα
924 597 979 656 καὶ
999 592 1155 665 κωκυτοῦς
1175 591 1312 656 ἀνιεϊσαι
1344 595 1398 655 καί
1427 589 1624 675 ὀλοφυρμοῖς
1645 592 1852 676 συνεχόμεναι
1873 599 1930 655 καὶ

341 699 395 762 διό
426 700 558 762 πάντων
585 700 641 781 την
669 699 801 761 ἀνωθεν
830 698 974 762 αίτοῦοαι
1001 696 1169 780 βοήθειαν.
1200 697 1337 760 ἐπέτεινε
1366 696 1401 759 δὲ
1431 695 1531 759 πλέον
1559 693 1669 772 αὐταῖς
1697 700 1754 781 την
1783 697 1929 776 ἀγωνίαν

341 802 411 884 ἅμα
443 806 497 865 καί
526 801 675 883 ἀθυμίαν
704 799 723 863 δ
754 800 865 888 ληστης
895 805 974 864 κατά
1007 802 1180 882 πρόσωπον
1210 803 1299 879 έγγῦς
1326 800 1465 881 ἐφεστώς
1499 806 1554 863 καί
1584 802 1722 866 κελεύων
1752 800 1834 884 ὑπὲρ
1863 804 1929 864 οὖν

342 905 506 982 ἐπάλξεων
527 905 661 985 βάλλειν
681 903 777 971 αῦτδν
797 907 854 969 τδν
874 904 1009 983 βασιλέα
1032 904 1087 967 διά
1111 904 1261 986 θυρίδος·
1297 908 1444 969 τοσοῦτον
1467 904 1570 992 Ιβδείτο
1592 907 1646 968 τόν
1668 909 1777 989 κυρίου
1798 905 1926 986 χριστόν

342 1009 360 1074 δ
381 1010 497 1094 ἀσεβὴς
519 1013 573 1072 καί
593 1012 808 1091 μισόχριστος·
836 1017 950 1092 μικροῦ
969 1014 1048 1085 γοῦν
1077 1010 1201 1091 ἐφίκετο
1224 1015 1285 1071 τῶν
1305 1008 1408 1089 βελιῦν
1430 1013 1465 1071 έν
1487 1007 1593 1084 αὐτοῦ,
1615 1009 1775 1073 πλειόνων
1795 1010 1926 1072 ἐκεῖθεν

340 1115 585 1199 ἐπαφεθέντων,
608 1118 661 1175 καί
683 1103 782 1175 κάν·ἱο
804 1111 934 1197 ἀπονητί
955 1117 998 1199 τηῦ
1020 1115 1164 1199 τυράννῳ
1186 1113 1500 1193 διαπεπραγμάτευτυ
1523 1117 1556 1176 τό
1579 1116 1797 1198 στρατήγημα,
1831 1114 1860 1178 εί
1879 1116 1924 1198 μη

342 1223 404 1282 τόν
426 1219 637 1300 θεραπόντων
657 1222 716 1279 τινί
737 1220 988 1300 προῦπκντῦσαν
1009 1218 1195 1300 φερόμενον,
1231 1218 1296 1279 ἐκεί
1324 1216 1379 1299 τὴν
1407 1220 1483 1296 βίαν
1505 1217 1640 1302 ἀφῆκεν,
1675 1216 1730 1283 οῦκ
1751 1218 1788 1281 ἐν
1809 1221 1924 1304 καιρίῳ

342 1328 463 1402 παγέν·
487 1329 540 1386 καὶ
561 1325 650 1386 τοῦτο
671 1323 733 1402 γάρ
756 1321 900 1400 ἄντικρυς
924 1319 940 1403 ἡ
963 1321 1055 1402 χάρις
1076 1320 1216 1401 ἀπεῖρξε.

430 1428 457 1467 ⁵²
471 1430 610 1491 Τοιαῦτα
629 1427 736 1488 τοίνυν
756 1424 875 1498 ἐκείνας
902 1423 939 1487 τά
964 1430 1036 1506 περὶ
1055 1424 1170 1487 ἐαυτδν
1189 1425 1276 1503 δρῦν
1297 1424 1410 1507 πάθη,
1445 1433 1498 1486 καὶ
1527 1429 1582 1508 την
1612 1427 1737 1502 ἔξωθεν
1765 1425 1857 1507 ῦβριν
1884 1422 1925 1488 τό

344 1533 483 1616 φορητόν
504 1532 548 1592 ἐτι
568 1529 706 1609 βλέπων,
737 1526 823 1590 ἀλλά
853 1537 906 1589 καὶ
934 1529 1048 1606 λόγους
1077 1532 1161 1606 άγαν
1190 1528 1353 1602 αὐθάδεις
1381 1525 1509 1593 ἀκούων
1538 1531 1583 1603 είς
1605 1529 1703 1594 αύτδν
1725 1529 1924 1612 ἀπορριπτο-

342 1640 475 1716 μένους,
509 1638 563 1695 καῐ
589 1633 644 1715 την
672 1636 734 1694 τῶν
761 1633 886 1695 οἰκείων
916 1632 920 1718 ί
952 1631 1115 1714 ἀναίρεσιν
1144 1633 1199 1716 την
1228 1657 1258 1695 τε
1287 1637 1348 1694 τοῦν
1377 1632 1530 1714 λαφύρων
1560 1632 1715 1715 διαίρεσιν
1744 1635 1781 1698 ἐν
1845 1635 1924 1700 272ι

342 1737 532 1821 δφθαλμοίς
551 1738 704 1814 γινόμενα
726 1739 870 1816 θεωροῦν,
892 1736 1068 1819 ἐξεπίτηδες
1089 1741 1196 1801 πάντα
1218 1740 1270 1801 τοῦ
1292 1741 1451 1818 τυράννου
1464 1740 1705 1819 μηχανωμένου,
1728 1744 1783 1801 ίνα
1797 1738 1925 1819 μᾶλλον

343 1843 491 1906 ἐντεῦθεν
512 1839 665 1928 ῦπακνίση
688 1844 742 1901 καὶ
764 1837 847 1928 δάκη
868 1845 923 1902 τὸν
944 1840 1089 1919 βασιλέα,
1112 1839 1205 1905 οῦδὲν
1227 1840 1309 1913 δλως
1330 1841 1457 1903 ἔπαθεν
1479 1838 1608 1915 ἀγεννὲς
1629 1845 1708 1919 πρὸς
1723 1840 1828 1916 οδδέν,
1852 1839 1926 1903 ἀλλ’

344 1948 444 2009 εἰπών
466 1946 567 2008 ἐκείνο
590 1943 624 2006 τδ
647 1945 703 2005 τοῦ
725 1941 847 2020 Δαβίδ*
863 1944 975 2026 ΙἈφετε
995 1947 1051 2006 τδν
1072 1949 1181 2024 Σεμεεὶ
1203 1948 1408 2025 καταρᾶσθαι
1430 1944 1484 2005 τόν
1506 1944 1619 2023 Δαβίδ,
1641 1943 1688 2007 ότι
1710 1945 1815 2026 κύριος
1837 1942 1925 2029 αύτῷ

343 2049 533 2122 ἐνετείλατο,
562 2049 617 2130 τὴν
639 2042 719 2126 ἐμόν
740 2046 903 2109 παιδεύων
924 2046 1128 2131 ἀπροσεξίαν,
1161 2050 1203 2111 ἔτι
1225 2051 1261 2111 δὲ
1283 2047 1411 2110 κάκεῖνο
1432 2038 1584 2129 προσθείς
1600 2046 1678 2125 Ἐγώ
1699 2053 1758 2129 μέν
1778 2049 1926 2112 ἐνταῦθα

346 2156 472 2215 καθίσω
494 2153 583 2233 παρά
607 2151 662 2213 τδν
683 2151 825 2214 δοθέντα
847 2174 902 2231 μοι
923 2150 1022 2215 τόπον
1044 2151 1107 2215 ῦπδ
1130 2155 1231 2227 θεοῦ,
1265 2155 1320 2214 καί
1342 2152 1372 2214 εί
1392 2152 1459 2234 ἐρεί
1481 2148 1528 2215 Οῦ
1545 2152 1704 2235 τεθέληκά
1726 2173 1773 2225 σε,
1807 2150 1880 2219 ίδού
1906 2152 1924 2216 δ

345 2256 460 2330 δοῦλος
481 2253 598 2321 αῦτοῦ·
629 2259 753 2318 ποιείτω
781 2256 831 2318 ἐπ’
852 2255 922 2334 ἐμοὶ
949 2260 983 2318 τό
1012 2255 1143 2338 ἀρεστόν
1170 2257 1310 2320 ἐντόπιον
1331 2254 1456 2320 αῦτοῦ*.
1549 2254 1577 2294 ⁶⁸
1586 2257 1669 2321 ταῦτ’
1691 2257 1793 2319 είποίν
1815 2280 1847 2319 τε
1870 2263 1926 2319 καὶ

345 2360 563 2439 λογισάμενος,
591 2359 685 2438 ἔργου
706 2363 812 2440 εἴχετο,
835 2364 889 2422 καί
909 2360 980 2434 τούς
1000 2383 1031 2423 τε
1045 2361 1195 2445 φυγάδας
1211 2360 1359 2424 ἀνεκάλει
1373 2360 1473 2422 πάλιν
1485 2360 1538 2422 ἐπὶ
1552 2362 1589 2423 τό
1604 2364 1696 2444 τείχη,
1718 2366 1773 2437 τάς
1784 2360 1926 2444 γεφύρας

345 2486 376 2525 τε
400 2462 487 2527 λύειν
509 2465 564 2524 καί
584 2467 647 2525 τόν
669 2463 779 2526 πυλιῦν
800 2465 855 2537 τάς
876 2463 1036 2539 ὑπόπτους
1058 2462 1275 2549 ἀναφράττειν
1295 2465 1436 2539 ἐκέλευε,
1470 2465 1524 2547 τη’ν
1546 2487 1576 2526 τε
1598 2463 1700 2547 ἀλλην
1722 2467 1927 2547 ποραοκεοην

347 2567 417 2652 (ὅση
439 2590 483 2640 τις
503 2565 607 2629 ἐδόκει
628 2570 760 2650 χρησίμη
782 2569 862 2649 πρὸς
882 2568 1067 2650 πολιορκίας
1082 2568 1259 2653 ἀντίβασιν)
1282 2572 1339 2632 οῦν
1353 2567 1508 2653 ἀμηχάνῳ
1524 2567 1610 2647 τάχει
1623 2575 1682 2631 τινὶ
1698 2567 1925 2651 παρεσκεύαζε·

346 2676 400 2733 καί
423 2676 543 2733 θάττον
565 2672 585 2751 η“
606 2669 699 2746 λόγος
720 2673 758 2734 τά
783 2674 836 2754 τῆς
857 2671 1038 2753 ἀσφαλείας
1058 2670 1157 2746 αὖθις
1179 2672 1392 2755 ἀπετελέσθη,
1427 2676 1480 2732 καί
1502 2672 1602 2734 πάλιν
1625 2668 1641 2754 ἢ
1664 2673 1757 2746 πόλις
1777 2674 1925 2736 ἐπικατεε

346 2776 432 2858 χῦθη
453 2785 517 2848 τοίς
538 2778 675 2853 τείχεσιν.
764 2773 874 2838 “a'u’
902 2778 928 2837 ιδ
960 2780 1004 2849 τίς
1036 2777 1155 2852 ἐξείποι
1183 2782 1235 2859 τῆς
1267 2778 1375 2848 νυκτός
1404 2775 1523 2858 ἐκείνης
1553 2778 1606 2838 τόν
1635 2779 1758 2859 φόβους
1791 2781 1835 2850 τίς
1862 2781 1926 2839 τάν

347 2878 576 2962 φυλασσόντων
596 2880 629 2938 τὸ
653 2877 743 2955 δέυςς
776 2881 818 2951 τίς
842 2879 845 2964 Ι
870 2880 932 2941 τῶν
962 2882 1044 2943 οἴκοι
1072 2879 1233 2958 μενόντων
1261 2880 1304 2943 ἔτι
1327 2884 1381 2942 καί
1403 2883 1492 2960 ἐμενε
1513 2884 1568 2945 τόν
1589 2883 1705 2963 τρόμον
1728 2885 1782 2942 καὶ
1845 2880 1925 2946 272²

346 2987 401 3068 την
423 2981 561 3059 δειλίανς
583 2992 646 3055 τοῖς
666 2984 725 3061 μὲν
745 2982 807 3063 γάρ
829 2979 971 3065 ἠλπίζετο
994 2989 1102 3058 νυκτός
1123 2984 1290 3063 προδοσία,
1314 2994 1377 3057 τοίς
1400 2985 1436 3048 δὲ
1458 2988 1622 3067 κλιμάκων
1636 2986 1782 3058 ἐπίθεσις
1796 2984 1927 3068 ἀφανης

347 3093 400 3150 καὶ
423 3087 581 3167 λαθραία,
602 3084 715 3159 τοίςδ
741 3083 871 3159 ούδενδς
892 3085 1015 3169 δεήσειν
1036 3088 1176 3154 τοιούτου
1197 3092 1240 3174 τῷ
1262 3093 1406 3174 τυράννῳ
1428 3094 1507 3172 πρὸς
1529 3089 1585 3174 την
1605 3089 1823 3172 ἐκπόρθησιν·
1853 3090 1928 3153 ἐπι-

347 3197 470 3275 στήσειν
490 3195 552 3271 γάρ
575 3187 670 3254 αῦτδν
692 3194 840 3272 φανερῶς
861 3192 916 3264 τοῖς
937 3189 1096 3266 ἑλεπόλεις
1118 3193 1204 3266 ἐκτός
1225 3189 1268 3266 τός
1290 3192 1417 3256 δεδιότα
1432 3194 1575 3278 μηδένα,
1603 3200 1656 3256 καὶ
1678 3204 1745 3266 ταῖς
1765 3197 1825 3272 μὲν
1846 3192 1927 3257 ῦπα-

346 3299 461 3378 ρῦξειν,
482 3306 550 3369 ταῖς
572 3294 608 3357 δὲ
629 3292 778 3375 σφοδράς
800 3293 913 3377 τύψειν
934 3301 988 3358 καί
1010 3294 1203 3380 ἀναρρηξειν
1225 3300 1262 3360 τά
1285 3300 1376 3381 τείχη,
1401 3306 1454 3361 καί
1473 3303 1645 3380 χειμάρρου
1660 3298 1750 3381 δίκην
1765 3297 1927 3381 ῥαγδαίως

348 3404 542 3480 ἐπιχυθέντα
564 3397 768 3461 κατακλύσειν
791 3398 902 3462 αὐτίκα
924 3405 1035 3462 πάσαν
1055 3403 1111 3486 την
1141 3402 1247 3465 πόλιν.
1278 3405 1358 3482 πρδς
1384 3399 1442 3468 οῦν
1467 3407 1563 3466 ταῦτα
1593 3403 1681 3485 δεινή
1712 3427 1757 3477 τις
1787 3414 1928 3482 κατεῖχεν

348 3505 470 3585 ἀπορία
496 3505 534 3567 τά
565 3502 692 3586 πληθη,
727 3508 780 3563 καὶ
809 3503 984 3567 καθεύδειν
1013 3504 1068 3570 οῦκ
1099 3507 1216 3589 ἤθελεν
1244 3504 1346 3580 οὐδεὶς
1370 3505 1439 3572 οῦδ
1463 3507 1610 3590 η’δύνατο,
1643 3508 1715 3571 ἀλλ’
1737 3507 1845 3571 ἑστῶσι
1868 3511 1928 3586 μὲν

348 3612 498 3690 ὄμμασιν,
530 3607 679 3678 ἑστιάσαις
702 3605 737 3667 δὲ
760 3602 873 3681 α’κοατς
894 3604 925 3670 οἶ
946 3613 1005 3689 μὲν
1028 3613 1108 3689 πρὸς
1128 3615 1166 3672 τά
1196 3610 1403 3689 κελευόμενα,
1434 3610 1465 3673 ολ
1496 3611 1531 3673 δὲ
1561 3615 1641 3694 πρδς
1669 3620 1706 3674 τά
1736 3611 1926 3692 ἐλπιζόμενα

348 3711 412 3778 ύπδ
435 3722 552 3795 φανοίς
574 3715 627 3772 καί
649 3708 796 3789 λαμπάσι
818 3709 872 3793 την
894 3717 1089 3797 σκυθρωπὴν
1111 3717 1321 3796 παρέπεμπον
1342 3717 1448 3791 νύκτα,
1471 3722 1525 3777 καί
1547 3720 1580 3778 τῦ
1601 3719 1661 3796 μὲν
1683 3716 1850 3799 δημοτικὸν
1874 3721 1926 3776 καὶ

349 3821 458 3880 κοινόν
479 3814 689 3901 (ἀλογώτερον
710 3813 764 3896 ζῆν
786 3814 829 3888 ὡς
849 3820 887 3876 τὰ
910 3817 1015 3880 πολλοὶ
1040 3817 1195 3904 πεφυκός)
1217 3819 1420 3900 μετριωτερον
1441 3819 1505 3898 ελχέ
1520 3842 1587 3893 πως
1609 3825 1663 3881 καὶ
1684 3821 1749 3883 τότε
1772 3823 1851 3901 πρὸς
1874 3824 1928 3902 την

350 3925 539 4003 περίστασιν,
571 3918 661 3982 αύτοὶ
689 3918 725 3981 δὲ
753 3917 785 3981 οί
814 3921 1001 4000 προύχοντες
1028 3922 1102 4006 μήτε
1136 3925 1257 4006 τροφόν
1286 3919 1317 3986 οἱ
1347 3923 1474 3997 πλείους
1505 3927 1693 4006 προσέμενοι
1721 3923 1801 4006 μηθ’
1823 3923 1927 3987 ῦπνου

350 4027 535 4101 σπάσαντες,
558 4023 673 4086 άθλιοι
694 4029 730 4112 τῇ
752 4028 806 4085 καὶ
826 4047 861 4114 τη
884 4029 1086 4107 περιθέοντες
1108 4031 1161 4088 καί
1182 4029 1252 4100 τοῦς
1265 4027 1384 4102 ἀλλους
1399 4026 1648 4114 έπισκοποῦνίτες
1661 4026 1706 4109 μη’
1720 4048 1784 4091 που
1849 4027 1928 4092 2’ί3ι

351 4131 453 4194 λάθοι
474 4154 518 4202 τις
539 4131 654 4193 τούτων
675 4125 908 4203 ἀπονυστάξας,
930 4129 966 4191 ἐν
989 4133 1122 4213 τοσούτῳ
1144 4133 1276 4216 καμάτῳ
1300 4135 1355 4214 την
1378 4132 1499 4215 ἡμέραν
1521 4131 1692 4213 ἀνέμενον·
1727 4131 1782 4204 οῦς
1800 4130 1928 4203 εἰκότως

350 4236 393 4299 ἀν
414 4259 458 4310 τις
479 4232 659 4313 θαυμάσειε
680 4236 732 4314 τῆς
753 4255 784 4294 τε
806 4236 970 4314 καρτερίας
1002 4240 1057 4295 καί
1077 4232 1221 4309 εὐταξίας
1250 4240 1305 4297 καί
1333 4240 1384 4318 της
1412 4235 1456 4307 είς
1484 4235 1554 4308 τοῦς
1575 4240 1764 4315 κρατοῦντας
1784 4232 1927 4308 εῦνοίας·

350 4347 404 4403 καὶ
431 4344 492 4420 γάρ
525 4334 667 4420 η’γωνίων
694 4339 745 4402 ἐπ’
777 4339 905 4412 ἐκείνοις
933 4339 967 4400 τδ
998 4339 1105 4414 πλέον,
1138 4346 1192 4401 καί
1222 4344 1294 4421 περὶ
1319 4340 1457 4410 ἐκείνους
1482 4338 1540 4417 οὐχ
1567 4335 1656 4423 η’ττον
1688 4337 1793 4413 αὐτοίς
1814 4343 1835 4422 ἢ
1856 4345 1927 4419 περὶ

349 4445 478 4516 εἀυτοῦς
500 4440 538 4526 η’ν
560 4441 577 4505 ὁ
600 4443 754 4517 κίνδυνος.
855 4441 948 4522 δί’έμὲ
970 4443 998 4504 δ’
1020 4441 1091 4517 ένός
1113 4439 1205 4526 ἀρετη
1228 4442 1432 4525 καταπλήττει
1452 4442 1592 4519 μάλιστα
1618 4442 1758 4506 πάντων.
1780 4443 1927 4526 ἀοτραπη

349 4571 393 4622 τις
415 4549 591 4628 ἄνθρωπος
613 4546 714 4629 ὤφθη
736 4547 803 4608 κατ’
825 4547 946 4629 ἐκείνην
967 4549 1022 4630 την
1045 4547 1151 4623 νύκτα,
1175 4548 1310 4631 ἀρρητόν
1333 4571 1360 4610 τι
1382 4551 1487 4629 χρῆμα
1510 4553 1564 4609 καὶ
1578 4549 1722 4624 ἀπιστον,
1744 4545 1802 4610 ἀπ’
1819 4549 1927 4628 ἀκρων

349 4656 457 4731 τειχῶν
479 4654 538 4724 έως
559 4651 667 4731 ἀκρων
689 4650 836 4730 διᾴττων,
870 4650 1025 4724 πολλάκις
1052 4655 1112 4733 μὲν
1140 4656 1192 4735 τῆς
1221 4651 1350 4726 νυκτός,
1382 4651 1537 4726 πολλάκις
1568 4652 1604 4715 δέ
1632 4656 1684 4736 τῆς
1707 4650 1842 4735 ἡμέρας,
1875 4659 1930 4715 καὶ

421 4773 996 4844 ςτΒερυβιέ,τιΙςτΗεςυβτς,κέ
1091 4764 1095 4771 ’
