4560 6172
429 709 504 792 πεζῇ
529 708 658 789 βαδίζω,
681 707 776 782 πεζόν
799 711 844 771 ιόν
866 708 947 791 ζῷον
968 709 1069 790 φύσει,

429 816 529 875 πᾶσιν
550 815 609 893 μὲν
631 809 687 877 οὐκ
709 812 852 886 ἄποπτος
873 810 916 886 ὥς
936 811 971 875 έκ
992 815 1055 875 τῶν
1077 812 1155 886 α’νω,

366 917 406 982 15
429 915 560 990 πολλοῖς
582 915 618 978 δὲ
639 920 693 978 καὶ
715 914 863 978 κάτωθεν
884 918 930 978 σίν
950 915 1153 997 έγνωσμένος,

431 1020 448 1082 δ’
471 1019 578 1101 μεῖζον
600 1020 675 1082 οῖδα
696 1019 822 1101 μᾶλλον
843 1020 888 1094 είς
909 1017 1068 1097 εὐδοξίαν,

429 1125 506 1188 ὅταν
527 1147 571 1198 τις
593 1122 686 1197 αύτός
707 1125 743 1187 έκ
764 1128 913 1191 ταπεινοῦ
934 1127 1051 1208 χωρίου

430 1229 510 1308 πρὸς
532 1227 617 1311 ῦψος
638 1228 802 1292 ἐκτείνοντο
823 1233 877 1290 καὶ
899 1228 978 1318 δοκῇ
998 1232 1098 1310 μέγας

429 1330 534 1411 ὥσπερ
555 1331 716 1407 κολοσσός,
738 1336 836 1416 μῆκος
859 1332 975 1395 οἰκεῖον
996 1336 1115 1414 φέρων,

364 1436 407 1500 20
428 1440 482 1497 καὶ
503 1435 603 1517 μηδὲν
623 1438 667 1509 είς
690 1434 821 1516 δίαρμα,
843 1435 964 1525 χρῄζων
985 1439 1039 1500 τοῦ
1061 1434 1170 1500 τόπου.
1239 1465 1255 1496 ι

427 1538 496 1601 ὄσοι
520 1539 554 1601 δὲ
576 1539 772 1620 κομπάζουσι
797 1544 939 1621 βαθμοῖς
961 1544 1015 1601 καὶ
1038 1542 1183 1622 θρόνοις,

429 1639 511 1707 οῦτοι
535 1643 670 1707 κολοιῶν
693 1641 786 1708 ο-ῦδέν
807 1644 866 1706 ελσι
887 1643 1026 1724 βελτίους

430 1748 434 1832 Ι
446 1750 527 1825 μέγα
552 1748 754 1829 φρονούντων
775 1747 811 1810 έν
834 1757 955 1828 πτεροῖς
977 1746 1163 1828 ἀλλοτρίοις,

430 1846 474 1912 οἶν
497 1848 514 1932 ἦ
538 1851 636 1913 πάλιν
661 1851 795 1934 ψίλωσις
817 1851 955 1931 αἰσχύνει
977 1852 1093 1914 πλέον·

366 1955 408 2019 25
430 1957 492 2016 τοῖν
514 1957 701 2034 προσθέτων
723 1958 783 2035 γάρ
807 1956 980 2037 χρωμάτων
1003 1959 1038 2042 τῇ
1057 1959 1211 2035 συγκρίσει

428 2058 472 2129 εἰς
493 2056 600 2135 μεῖζον
621 2055 768 2133 ἐξάγουσι
790 2060 845 2140 τὴν
866 2058 1044 2140 ἀμορφίαν.

431 2157 536 2222 ια’λλδ
559 2164 700 2241 κροτοῦσι
722 2164 787 2234 ποῑς
809 2160 901 2240 ὄχλος
923 2162 992 2236 τοῦς
1013 2162 1049 2224 έν
1069 2165 1185 2248 μέσφ.«

429 2266 528 2326 ελπτόν
550 2264 654 2345 ὄχλον,
676 2263 821 2343 βέλτιστε,
844 2268 885 2348 μὴ
909 2265 987 2349 ζήτει
1010 2265 1125 2328 πλέον·

431 2368 523 2448 ὄχλος
544 2370 605 2450 γάρ
629 2367 722 2433 οῦδὲν
743 2367 825 2430 ἄλλο
848 2368 930 2452 πλὴν
952 2370 1051 2444 ὄντως
1073 2369 1175 2450 ὄχλος,

366 2473 409 2537 30
429 2473 509 2551 βοάς
530 2473 683 2546 α’τάκτους
704 2482 768 2545 τοῖς
790 2477 936 2554 κρατοῦσι
959 2477 1146 2555 προσνέμων

431 2574 474 2650 ιός
496 2573 683 2658 πρόσφορον
703 2575 852 2656 μείλιγμα
873 2581 925 2660 τῆς
946 2579 1101 2654 ἐξουσίας,

431 2679 530 2742 πλέον
551 2679 587 2742 δὲ
608 2680 709 2763 μηδὲν
730 2680 886 2743 συντελῶν
907 2688 970 2744 τοῖν
989 2685 1157 2765 χρησίμων,

430 2784 554 2864 μᾶλλον
575 2787 635 2864 μὲν
656 2781 711 2847 οῦν
732 2786 864 2868 μέγιστα
886 2788 941 2846 καλ
961 2784 1112 2863 βλάπτειν
1132 2786 1230 2865 ἔχων·

432 2890 520 2971 φυσᾷ
541 2888 602 2967 γάρ
626 2886 736 2961 αὐτούς
756 2898 820 2961 τοῖς
841 2887 985 2961 έπαίνοις
1006 2888 1170 2963 πολλάκις,

366 2990 409 3056 35
431 2994 556 3054 πείθων
578 2990 706 3056 α’κούειν
727 2989 770 3066 ὥς
790 2987 926 3075 άλιρβεῖς
946 2993 1015 3065 τοῦς
1037 2992 1166 3069 λόγους·

430 3094 462 3158 οἳ
483 3095 513 3157 δ’
534 3096 613 3158 είσλν
634 3095 737 3173 οὐδέν,
761 3095 845 3177 πλὴν
864 3086 965 3177 μόνον
987 3100 1071 3160 κενοὶ
1094 3099 1212 3182 ψόφοι,

430 3198 618 3282 έπηρεασταὶ
639 3203 701 3262 τάν
723 3203 823 3263 κενοῦν
845 3200 1066 3284 φρονημάτων,

433 3307 574 3388 ψεῦσται,
597 3302 726 3380 πλάνοι,
748 3304 863 3388 γόητες,
886 3302 1043 3387 α’νδράσιν
1064 3303 1173 3382 γέλως,

429 3404 553 3489 βόθρος
575 3405 604 3469 δ’
625 3403 815 3489 α’νάνδροις·
838 3404 883 3481 οἷς
905 3403 923 3469 δ
947 3408 1096 3472 πιστεύων
1117 3410 1225 3484 ὄνους.

363 3509 408 3576 40
429 3516 566 3594 κραυγῆς
587 3510 622 3573 δὲ
645 3510 762 3592 πολλῆς
784 3509 821 3576 οῦ
840 3508 928 3574 πάνυ
950 3516 1160 3595 φροντιστέον.

430 3620 483 3676 καὶ
506 3617 606 3699 ψῆρες
627 3613 808 3697 ὄξόφωνον,
830 3612 914 3677 α’λλδ
938 3619 1132 3698 κουφόνουν.

429 3718 546 3794 τούτοις
566 3719 662 3797 ἔγωγε
682 3728 745 3790 τοῖς
767 3717 927 3799 λογισμοῖς
949 3723 1003 3780 καί
1025 3718 1131 3796 λόγοις

428 3824 517 3902 α’γων
536 3823 674 3904 έμαυτδν
694 3823 871 3904 έκπεραίνω
892 3823 947 3886 τόν
967 3825 1048 3903 βίον.

342 4031 411 4099 92.
434 4030 488 4104 Είς
507 4028 633 4093 ἑαυτόν.

386 4136 402 4198 1
420 4132 563 4199 Ἐλκουσι
585 4137 728 4216 βαδμοί·
751 4135 912 4217 πρόσσχες.
940 4135 1054 4217 ολθρόοι
1076 4134 1163 4220 ζάλη.

425 4242 535 4324 ψῆφοι
557 4242 724 4323 φέρονται·
747 4246 905 4324 συστροφῇ
926 4240 1125 4316 καταιγίδων.

424 4344 542 4427 θρόνοι
565 4343 727 4408 καλοῦσιν·
748 4342 775 4407 ὦ
796 4348 978 4429 κυβερνῆτα,
1000 4345 1106 4424 βλέπε.

426 4445 524 4534 Ιόρᾷς
545 4447 619 4522 ὄσος
641 4448 805 4513 κύκλωθεν
828 4450 949 4535 ἠγέρθη
972 4449 1113 4529 κλῦόωνγ

381 4555 402 4619 5
425 4555 559 4617 σπεῦσον
580 4552 706 4636 βοήθει.
731 4553 870 4627 κλύζεταί
891 4572 941 4617 σοι
962 4558 996 4617 τδ
1019 4556 1152 4638 σκάφος.

424 4655 534 4741 λαβοῦ,
556 4657 667 4738 τάλαν,
690 4659 818 4739 τάχιστα
840 4663 903 4721 τιῦν
926 4662 991 4723 σιῦν
1012 4659 1144 4735 οίιίκων,

425 4759 535 4839 λαβοῦ,
559 4760 695 4843 λογισμέ,
719 4769 794 4846 πρὶν
814 4768 1036 4847 παραχδιόμεν
1056 4760 1122 4842 βίᾳ.

427 4866 467 4949 »ἢ
488 4888 551 4930 που
572 4889 601 4929 τι
622 4866 705 4949 κάμε
726 4880 899 4950 συμπονεῖν
920 4869 1112 4947 έπιτρέπειςς

1743 1678 1772 1711 ιτ
1799 1658 1913 1742 fabulae

1754 1746 1899 1800 κεεοριοεε

1742 1801 1847 1856 Halmii
1866 1821 1914 1856 τω
