4560 6172
1763 544 1805 607 67

214 711 328 792 *χάρις
350 707 406 775 οῦν
428 709 483 773 διά
505 711 593 773 τοῦτο
615 712 668 792 τῆς
690 705 770 792 ὑπὲρ
793 709 884 796 ήμῶν
906 731 956 774 σοι
979 715 1149 796 προνοίας,
1183 711 1229 774 ότι
1260 717 1315 776 τοῦ
1344 715 1561 794 συμφέροντος
1590 712 1691 775 πλέον
1724 714 1808 796 η’περ

214 818 268 880 τοῦ
290 811 384 898 ήδέος
407 811 607 894 ἐφρόντισας,
631 817 684 873 καὶ
707 817 806 877 κακοῦ
828 818 912 888 τινδς
933 815 1104 895 μέλλοντος
1126 816 1210 899 ἡμᾶς
1232 815 1407 896 έλυτριόσω,
1429 819 1482 897 τῆς
1502 819 1673 880 νοσοποιού
1694 815 1807 900 ταύτης

214 919 286 1002 ῦλης
306 923 340 981 τδ
364 917 511 979 πλεῖστον
539 913 771 997 ὑποτεμόμενος
800 921 838 1007 τή
867 923 959 1000 μέχρι
988 923 1042 984 τοῦ
1069 922 1126 983 νῦν
1150 923 1221 1000 περὶ
1243 922 1298 1000 τήν
1320 917 1501 1000 ἀποστολήν
1537 917 1594 1000 (ῶς
1614 922 1654 982 ἀν
1675 922 1754 982 εἴπω
1777 942 1806 982 τι

215 1028 268 1086 καί
289 1025 353 1085 τῶν
374 1019 597 1104 κομψοτέραν)
618 1017 785 1104 ῦπυστολή.
831 1019 937 1083 ῧάλλά
956 1044 1012 1103 μοι
1034 1026 1089 1082 καὶ
1111 1020 1203 1094 αύτδς
1216 1022 1394 1103 ἐρρωμένος
1410 1021 1594 1104 διατελοίης,
1617 1021 1726 1106 ἐπειδή
1750 1026 1805 1105 τήν

212 1126 322 1204 ύγείαν
345 1123 420 1206 ήμτυ
444 1122 679 1204 ἀνεπηρέαστον
701 1124 918 1206 συνετήρησας.

305 1232 395 1296 122.
417 1252 465 1302 κγ.
490 1227 588 1306 ινΑρτι
598 1249 638 1304 με
649 1229 702 1307 τής
714 1229 807 1299 θείας
819 1227 1014 1309 φιλοσοφίας
1029 1228 1046 1289 ὁ
1065 1222 1148 1309 ἱερός
1162 1230 1256 1309 χορός
1268 1232 1440 1309 περιέσχεν,
1455 1226 1480 1289 ολ
1493 1230 1577 1310 σοφή
1593 1231 1731 1311 κεφαλή,
1750 1233 1804 1291 καί

217 1333 221 1420 λ
240 1332 432 1417 φιλοσόφων
444 1331 502 1407 ό,τι
516 1329 705 1411 κεφάλαιον,
729 1333 808 1410 πρὸς
821 1330 874 1403 οὓς
889 1331 1101 1413 ῶμιλήσαμεν,
1125 1331 1180 1395 ούκ
1194 1330 1286 1408 δλίγα
1308 1334 1367 1410 μὲν
1386 1330 1529 1413 φιλικῶς,
1554 1331 1659 1393 πολλὰ
1748 1331 1806 1397 692

217 1437 253 1501 δέ
277 1441 330 1497 καὶ
352 1435 496 1518 λογικῶς,
522 1439 574 1494 καί
595 1434 683 1506 τέλος
705 1431 901 1515 ἀπήλθομεν
925 1434 1076 1517 ἀλλήλων
1101 1435 1339 1514 θαυμάσαντες,
1363 1432 1394 1495 οἳ
1419 1437 1479 1512 μέν
1500 1432 1555 1498 ούκ
1578 1434 1638 1495 οἶδ’
1661 1433 1718 1507 ὅ,τι
1740 1438 1805 1497 τῶν

216 1539 373 1623 ἡμετέρων
396 1535 485 1621 (οῦδὲ
500 1537 562 1616 γάρ
586 1534 674 1599 αὐτοὶ
695 1533 819 1608 ἑαυτοίς
841 1545 902 1598 τῶν
915 1536 1114 1613 ἀξιεπαίνων
1133 1562 1161 1599 τι
1174 1538 1346 1624 σύνισμεν),
1369 1534 1508 1617 ἡμεῖςδ
1532 1537 1661 1600 ἐκείναιν
1683 1538 1803 1613 πολλά,

216 1646 249 1708 τό
272 1643 491 1722 μεγαλοφυές,
513 1642 547 1702 τδ
570 1637 746 1716 εύσύνετον,
769 1642 803 1702 τδ
827 1640 995 1719 ἀγχίνουν,
1018 1647 1052 1704 τδ
1078 1643 1229 1718 κόσμιον,
1260 1642 1294 1704 τδ
1320 1640 1522 1721 φιλομαθές,
1546 1643 1579 1702 τδ
1603 1642 1805 1722 πολυμαθές.

215 1750 249 1811 τδ
274 1751 344 1826 περὶ
367 1745 471 1821 λόγων
494 1742 653 1822 ἀκρόασιν
675 1744 824 1822 έροιτικύν
845 1767 876 1804 τε
900 1750 954 1804 καὶ
974 1745 1113 1824 μανικόν
1142 1744 1235 1828 (οὕτω
1266 1743 1328 1824 γάρ
1360 1766 1428 1816 πως
1451 1742 1539 1807 αύτολ
1561 1745 1594 1806 τδ
1618 1745 1806 1826 περιφλεγὲς

218 1857 271 1914 καί
292 1849 476 1911 ἀνόθευτον
498 1847 620 1907 καλεῖτε
641 1849 693 1926 τῆς
715 1849 932 1933 προθυμίας),
963 1847 1016 1910 ἐπὶ
1039 1850 1119 1910 πάσι
1151 1847 1186 1908 δὲ
1208 1847 1325 1919 τούτοις
1354 1849 1408 1928 τήν
1431 1833 1502 1927 περὶ
1523 1851 1555 1909 τδ
1592 1849 1694 1909 καλὸν
1721 1851 1742 1930 ή
1769 1850 1802 1910 τδ

217 1945 387 2016 κάλλιστον
410 1948 634 2032 ὁμοφροσύνην
657 1953 710 2008 καὶ
734 1951 924 2030 σύμπνοιαν.
972 1951 1017 2012 2τί
1040 1950 1069 2011 δ’
1093 1954 1135 2012 ἀν
1156 1954 1277 2024 γένοιτο
1301 1951 1436 2012 κάλλιον
1456 1954 1508 2033 τῆς
1530 1955 1583 2013 τοῦ
1605 1952 1682 2030 ἐμοῦ
1702 1956 1806 2033 σοφοῦ

218 2058 456 2121 Κωνσταντίνου
479 2052 693 2132 προτιμήσεως
715 2057 769 2112 καὶ
792 2057 985 2132 προκρίσεως
1007 2059 1078 2133 περὶ
1099 2054 1137 2114 τά
1161 2057 1279 2132 σοφίας
1301 2057 1452 2133 πρεσβεία
1476 2057 1529 2113 καί
1550 2056 1605 2134 τήν
1631 2057 1685 2117 τοῦ
1709 2054 1805 2117 διδα-

212 2160 368 2225 ’σκαλικοῦ
399 2155 596 2237 παράληψιν
627 2156 769 2233 θρόνους
802 2155 837 2225 ύς
866 2160 924 2217 νύν
950 2155 1001 2216 ἐπ’
1024 2155 1149 2234 ἀκροισι
1178 2154 1288 2236 ταύτης
1318 2159 1385 2218 κατ’
1410 2155 1625 2234 Ἐμπεδοκλέα
1648 2157 1803 2234 θαμίζεις,

216 2262 348 2348 ἀγλαΐζη
371 2282 425 2339 μοι
449 2259 484 2320 δέ
508 2262 560 2317 καὶ
582 2261 732 2337 μουσικῆς
755 2257 791 2318 έν
814 2256 908 2340 ἀτόκῳ
932 2258 979 2342 (τό
1003 2256 1192 2337 πινδαρικδν
1216 2258 1316 2319 πάλιν
1338 2259 1454 2341 τοῦτο),
1488 2264 1542 2320 καὶ
1571 2258 1667 2333 τύπος
1690 2259 1805 2340 Ἑρμοῦ

216 2370 324 2445 λογίου
354 2367 374 2446 ή
400 2373 548 2443 μουσεῖον
582 2361 769 2437 κινούμενον
799 2366 852 2421 καὶ
882 2361 1107 2442 φθεγγόμενον
1128 2367 1163 2449 τή
1185 2364 1263 2422 καθ’
1285 2360 1368 2443 ήμοῖς
1391 2361 1503 2448 δοήκετς
1525 2364 1660 2444 σήμερον
1747 2367 1804 2430 70¹

215 2475 308 2551 γενεᾷ
330 2473 394 2530 τῶν
416 2460 615 2543 ἀνθρώπων,
645 2462 690 2535 είς
718 2464 774 2536 οῦς
803 2467 841 2525 τά
871 2462 942 2546 τέλη
971 2469 1033 2526 τῶν
1056 2465 1185 2526 αἰώνων
1212 2467 1379 2548 κατη’ντησε
1402 2468 1459 2526 σύν
1489 2463 1604 2549 αὐχμῷ
1633 2466 1803 2553 τηλικούτῳ

215 2573 360 2654 γνώσεως
383 2574 437 2632 καὶ
459 2564 663 2638 παιδεύσεως.
709 2565 781 2627 θέπὶ
810 2568 906 2649 τούτῳ
937 2572 1043 2630 τοίνυν
1071 2567 1133 2643 ἐγολ
1162 2567 1379 2650 διαφερόντως
1406 2572 1476 2640 τοὺς
1502 2571 1593 2641 νέους
1617 2568 1723 2630 πολλὰ
1745 2574 1806 2650 μὲν

216 2675 402 2752 ἐθαύμασα,
426 2670 531 2734 πολλὰ
555 2671 590 2731 δὲ
616 2671 773 2758 ἐπήνεσα,
803 2668 960 2744 κάκείνοις
984 2674 1045 2751 μὲν
1065 2668 1157 2749 μάλα
1179 2672 1349 2751 πρόθυμος
1370 2673 1551 2751 προθύμοις
1573 2671 1806 2757 ἐπηγγειλάμην

216 2781 272 2863 τήν
293 2779 338 2851 είς
359 2779 393 2840 τό
417 2773 677 2854 σπουδαζόμενον
700 2775 890 2854 σύμπραξιν,
914 2774 975 2836 ὅσα
997 2798 1029 2836 τε
1051 2776 1132 2856 πρδς
1152 2781 1207 2857 τήν
1229 2773 1490 2857 αὐτοκρατορικὴν
1513 2774 1661 2849 ἐξουσίαν
1682 2776 1802 2860 ἀνήκει,

216 2887 271 2945 καί
294 2880 355 2943 ὅσα
378 2882 458 2959 πρδς
479 2879 534 2961 τήν
557 2881 737 2939 συναίνεσιν
758 2881 810 2958 τής
833 2878 932 2960 ἀλλης
956 2878 1110 2962 νεότητος,
1141 2875 1244 2954 ὁπόση
1271 2883 1342 2958 περὶ
1364 2878 1478 2956 λόγους
1500 2879 1562 2956 ἔχει
1585 2883 1642 2942 νῦν
1664 2884 1718 2941 καλ
1738 2905 1804 2962 μα-

217 2987 365 3071 θήματα·
390 2987 444 3043 καί
467 2987 515 3044 σοὶ
538 2979 574 3042 δὲ
596 2984 632 3066 τῇ
656 2981 733 3066 φίλη
756 2985 809 3041 καὶ
831 2984 915 3066 τιμίᾳ
931 2984 1020 3070 ψυχή
1033 2983 1071 3043 τῶ
1093 2983 1230 3060 ἐμαυτοῦ
1250 2978 1359 3042 πάντα
1381 2986 1500 3061 φέρων,
1523 2981 1569 3054 είς
1582 2986 1638 3062 τήν
1652 2982 1807 3064 σύναρσιν

216 3088 404 3169 ἐπιδίδωμι,
437 3090 491 3146 καί
513 3083 651 3165 ἐμαυτόν
674 3083 755 3163 πρός
777 3093 840 3155 τοῐς
871 3084 982 3158 ἄλλοις
1010 3084 1089 3147 όλον
1115 3090 1169 3146 καὶ
1199 3082 1315 3149 πάντα.
1370 3085 1476 3149 4τοῦτο
1506 3083 1544 3167 δή
1573 3086 1607 3147 τό
1639 3083 1804 3170 ῦμέτερον·

217 3200 270 3256 καί
301 3195 358 3257 σῦν
387 3189 502 3276 ἀγαθῇ
533 3186 726 3266 πειράσομαι
755 3188 826 3273 τύχη
855 3187 991 3269 μηδενὸς
1019 3188 1130 3250 ἐλθεῖν
1161 3187 1303 3270 δεύτερος
1331 3187 1376 3261 εἰς
1406 3191 1461 3270 τήν
1490 3186 1569 3273 ῦπέρ
1598 3195 1651 3272 τῆς
1674 3196 1729 3274 σής
1751 3199 1805 3255 καὶ

218 3300 334 3380 σοφίας
356 3299 409 3354 καὶ
432 3291 543 3372 φιλίας
567 3289 721 3372 σπουδήν,
743 3291 812 3373 μήτ’
834 3289 938 3354 αὐτῶν
960 3289 1019 3374 ήδη
1041 3294 1168 3366 τούτων,
1191 3298 1254 3352 τῶν
1274 3291 1384 3373 ταύτης
1405 3291 1546 3372 ἐραστῶν
1567 3317 1598 3356 τε
1623 3300 1678 3356 καὶ
1703 3300 1806 3380 θήρα·
1830 3319 1832 3321 ·

216 3405 289 3475 τῶν,
317 3397 399 3481 μηθ’
426 3394 532 3473 ἑτέρου
563 3403 652 3466 τινος
671 3399 733 3455 τῶν
762 3392 848 3464 ὅσοις
878 3396 932 3453 καί
962 3392 1053 3472 μάλα
1076 3396 1155 3455 κατὰ
1180 3392 1277 3469 λόγον
1296 3394 1386 3475 μέλει
1408 3397 1445 3455 τά
1470 3400 1530 3476 σοί,
1560 3398 1685 3477 μᾶλλον
1709 3401 1745 3461 δὲ
1767 3403 1805 3462 τά

216 3506 269 3569 τοῦ
290 3504 382 3563 θείου
403 3498 511 3561 τούτου
533 3501 738 3578 μαθήματος,
763 3495 822 3578 ήδη
846 3496 1008 3568 παντελεῖς
1030 3495 1276 3583 κινήδυνεύοντος
1298 3498 1499 3580 ἀπορρυῆναι
1514 3504 1659 3579 τούβίου.
1747 3507 1806 3569 70¹

218 3605 281 3680 ὃάις
304 3608 427 3687 κρατῶν
450 3599 509 3666 σῦν
531 3612 600 3673 ταῖς
623 3600 742 3672 πάσαις
766 3637 803 3648 -
830 3600 850 3682 ή
870 3600 903 3661 τύ
928 3605 985 3660 σδν
1006 3600 1108 3662 εἰπεῖν
1129 3600 1266 3684 μᾶλλον,
1299 3600 1354 3682 τήν
1377 3600 1431 3661 διδ
1456 3607 1570 3663 πασῶν
1592 3604 1627 3665 ἐν
1649 3603 1807 3681 τοσούτοις

217 3713 297 3792 ἔχων
320 3708 608 3792 συμφθεγγομένην
632 3721 681 3765 σοι
706 3741 741 3752 -
768 3702 1016 3782 δραστικτότερον
1038 3704 1168 3784 ἐγχείρει
1190 3709 1232 3786 τῷ
1255 3705 1336 3786 ἔργῳ
1343 3751 1353 3777 ,
1385 3707 1438 3763 καί
1460 3707 1513 3786 τής
1536 3709 1648 3787 πείρας
1671 3707 1804 3788 ἀντέχου

216 3837 271 3895 μοι
294 3809 555 3896 φιλοπονῶτερόν
578 3831 608 3869 τε
642 3811 695 3868 καί
715 3809 946 3887 γενναιότερον,
984 3810 1062 3872 θεοῦ
1093 3807 1198 3878 καλῶς
1229 3806 1404 3890 ἡγουμένου
1432 3813 1485 3870 καὶ
1514 3811 1569 3890 τήν
1597 3813 1807 3895 προκειμένην

216 3920 261 3992 είς
284 3920 389 3980 αἴσιον
410 3912 660 3981 κατευθύνοντος
682 3913 792 3989 πέρας.

307 4023 397 4088 128.
420 4017 469 4080 κδ.
494 4016 584 4078 1Ιίάν
606 4011 698 4087 δλίγα
721 4014 757 4074 τδ
783 4015 860 4092 παρ’
884 4011 987 4095 ήμῶν,
1022 4011 1106 4074 ἀλλά
1132 4013 1229 4074 πλείω
1253 4013 1379 4087 πάντως
1407 4019 1471 4076 τῶν
1500 4014 1590 4096 παρά
1622 4021 1695 4091 σοῦ,
1729 4017 1807 4082 ὥστε

216 4127 292 4207 μήτε
314 4122 347 4185 τδ
372 4125 512 4183 σπάνιον
533 4120 610 4199 μήτε
632 4113 665 4178 τό
690 4118 860 4190 σπανιάκις
883 4117 1008 4192 ἐγκάλει
1030 4128 1094 4189 τοῖς
1115 4121 1347 4195 γραφομένοις,
1377 4118 1408 4178 εί
1427 4124 1469 4201 μή
1493 4118 1601 4196 βούλει
1625 4123 1749 4182 παθεῖν
1772 4119 1806 4184 τό

217 4231 269 4310 τής
292 4225 521 4305 ἀνακλωμένης
544 4219 651 4303 η’χοῦς,
672 4216 741 4283 οἷόν
763 4223 790 4281 κ’
814 4224 954 4303 είπησθα
979 4222 1064 4296 ἔπος,
1087 4220 1175 4282 τοῖόν
1198 4221 1226 4281 κ’
1247 4219 1438 4294 ἐπακούσας.
1486 4221 1558 4283 ἐκαὶ
1589 4227 1643 4285 νῦν
1673 4221 1730 4287 σύν
1758 4246 1806 4287 το·

218 4336 329 4395 σοῦτον
351 4329 512 4409 έξαρκέσει
537 4327 617 4408 πρδς
639 4329 672 4386 σε
696 4322 741 4389 Εῦ
756 4347 810 4405 μοι
836 4329 949 4404 πρᾶττε
973 4325 1027 4386 διά
1050 4324 1176 4398 πολλά,
1206 4329 1260 4385 καὶ
1292 4324 1460 4402 ἀγγέλλοιο
1488 4329 1609 4406 χαίρων
1641 4333 1695 4389 καί
1725 4333 1805 4391 κατῶ

216 4436 330 4517 μικρόν
351 4439 404 4513 τῆς
426 4432 581 4511 προτέρας
603 4431 776 4511 κατηφείας
798 4429 1022 4508 ἐξαναφέρων·
1045 4429 1111 4490 ελτα
1133 4431 1240 4507 μέντοι
1263 4435 1316 4489 καί
1339 4428 1428 4491 τόδε*
1447 4435 1512 4495 Τοῦ
1526 4432 1606 4490 καθ’
1629 4429 1714 4512 ήμοῖς
1735 4435 1807 4496 ἴσθι

218 4537 333 4602 κύκλου
355 4541 418 4598 τῶν
440 4539 514 4596 ποτε
537 4535 702 4616 φοιτητῶν,
734 4526 760 4614 ᾤ
781 4533 898 4593 σαυτὸν
920 4530 1142 4611 χαρισάμενος,
1166 4533 1252 4594 ἔνθα
1275 4538 1328 4593 καὶ
1350 4537 1549 4614 χαρίσασθαι
1572 4532 1708 4611 δίκαιον,
1731 4536 1808 4618 ήμίν

159 4646 163 4653 ’
216 4645 322 4728 χαριή.
370 4636 572 4719 8κεφάλαιον
595 4635 631 4696 δὲ
651 4637 714 4696 τῶν
735 4634 910 4716 εἰρημένων
926 4634 1086 4711 Ὑγίαινε·
1125 4630 1163 4699 οῦ
1181 4640 1235 4696 καὶ
1256 4635 1394 4714 μάλιστα
1419 4636 1469 4698 δετ
1490 4653 1539 4699 σοι
1563 4636 1618 4700 διά
1641 4640 1696 4720 τήν
1717 4638 1809 4718 ῶραν

220 4747 275 4804 καὶ
296 4743 415 4821 χῶραν.

287 4859 503 4930 κΕιιιροδοσλετ
523 4858 658 4914 Plutarch
677 4858 766 4912 moral
785 4857 828 4925 93¹
847 4857 950 4912 Pindar
969 4858 1071 4929 Olymp
1091 4879 1113 4924 1,
1134 4867 1184 4927 15¹
1209 4859 1293 4914 zoor
1311 4879 1330 4912 τι
1351 4880 1389 4926 10,
1410 4862 1459 4927 11!
1485 4863 1592 4916 ττδνδε
1611 4866 1809 4935 apographum

1476 4965 1522 5033 ρετ
