4560 6172
339 528 385 593 50

363 698 405 762 65
429 695 526 782 Ιπαρ’
550 689 587 759 οῦ
607 691 711 775 μόνου
735 693 785 756 δεῖ
805 698 967 777 προσφυὲς
990 695 1088 778 ζητεῖν
1109 699 1210 778 πέρας
1369 695 1426 762 41¹

428 799 576 872 ἅπαντας
598 796 682 880 ἢμεῖς
704 798 823 871 παντός
844 799 936 878 ἔργου
959 805 1012 860 καὶ
1035 799 1144 875 λόγου,
1464 797 1467 801 Δ

428 904 547 974 παντός
568 905 689 966 σκοποῦ
705 925 736 962 τε
758 905 812 962 καί
833 899 983 982 λογισμοῦ
1001 909 1055 963 καὶ
1076 901 1208 983 δρόμου,

428 1004 497 1067 έπεί
519 1004 599 1065 καθ’
622 1000 718 1067 αὐτόν
740 1003 827 1066 ολόεν
848 1002 953 1075 οὐδεὶς
975 999 1012 1067 οὗ
1032 1006 1141 1085 τρέχει,

427 1112 504 1187 πρὶν
524 1110 566 1168 ἄν
590 1107 706 1168 θανοίν
728 1129 772 1180 τις
795 1115 910 1187 πεῖραν
931 1109 998 1181 έξοι
1020 1111 1083 1168 τοῖν
1105 1105 1191 1169 όλων
1219 1143 1262 1154 -

364 1210 407 1275 70
428 1207 527 1292 ἀρχῆς
549 1208 640 1288 όμοῦ,
661 1210 769 1282 τέλους
790 1232 821 1271 τε
843 1212 896 1270 καί
917 1212 980 1270 τῶν
1001 1209 1037 1270 έν
1059 1213 1145 1295 μέσῳ
1168 1247 1220 1286 -,

430 1313 453 1373 ἃ
474 1313 531 1394 χρὴ
555 1312 758 1385 σκοποῦντας,
781 1309 1009 1392 εὐλαβεστέρως
1031 1311 1123 1390 ἔχειν,

429 1413 479 1476 οέὶ
501 1417 535 1477 τό
556 1413 676 1494 μέλλον
696 1416 829 1496 χρηστόν
850 1414 1100 1494 έξαιτοομένους.

345 1620 415 1688 M.
437 1619 493 1691 Είς
515 1620 570 1701 τὴν
590 1621 644 1682 τοῦ
667 1616 892 1699 νομοφύλακος
913 1619 1051 1699 νεαρόν.

389 1725 406 1788 1
433 1720 535 1794 Αὐτὸς
557 1721 718 1802 σιωπήσας
739 1723 873 1801 πρᾶγμα
895 1723 985 1802 κοινῆ
1007 1722 1180 1802 συμφέρον,

431 1824 524 1897 αὐτὸς
544 1823 670 1903 βασιλεῖ
689 1825 723 1886 τὸ
748 1825 913 1902 σκοπφθὲν
934 1825 1101 1904 γνωρίσας,

432 1925 524 2000 αὐτός
545 1950 577 1990 τε
599 1930 722 2001 πείσας,
744 1924 838 1999 αὐτός
859 1924 942 1988 ἐστιν
964 1924 981 1987 ό
1004 1924 1150 2008 γροίφων.

346 2132 415 2200 95.
438 2130 494 2203 mg
515 2132 569 2192 τόν
591 2129 734 2211 δεύτερον
755 2127 851 2204 λόγον
872 2131 935 2191 τῶν
957 2129 1001 2202 εἰς
1022 2130 1076 2192 τόν
1097 2129 1348 2213 τροπαιοφόρον.

392 2236 407 2298 l
432 2238 526 2306 Μιᾶς
547 2231 564 2295 ό
587 2240 697 2312 μικρὸς
718 2232 810 2312 ἔργον
832 2230 968 2313 ἑσπέρας
991 2232 1096 2309 λόγος,

433 2335 515 2398 ὅθεν
536 2336 653 2415 βραχύς
674 2358 706 2396 τε
727 2339 782 2396 καί
804 2337 842 2397 τό
865 2338 945 2417 πρὸς
966 2335 1047 2397 τέλει
1071 2336 1184 2410 νόθος,

431 2441 519 2518 εἴπερ
543 2437 669 2499 δίκαιον
692 2436 848 2517 λοιόόρως
870 2436 980 2499 καλεῖν
1002 2436 1106 2498 νόθον

432 2542 487 2604 τόν
508 2541 544 2615 έξ
566 2540 710 2622 α’όελφοῦ
732 2551 850 2620 μοῖραν
873 2539 1104 2622 η’ρανισμένον·

390 2644 411 2710 5
432 2641 503 2718 ἑνός
523 2644 584 2721 γὰρ
607 2643 707 2724 ἄμφω
730 2644 850 2722 πατρός
870 2642 956 2714 ὄντες
979 2639 1010 2703 οί
1031 2639 1121 2717 λόγοι

433 2743 614 2827 α’όελφικῶς
636 2747 794 2827 θαρροῦσι
816 2744 871 2827 τὴν
892 2746 1073 2805 κοινωνίαν.

346 2950 419 3018 96.
437 2948 506 3012 Ὀτι
528 2945 647 3031 οἰπέστι]
668 2952 720 3028 τῆς
743 2954 927 3031 συγγραφῆς
949 2951 1002 3013 τοῦ
1023 2944 1259 3030 χρονογρόφου

392 3055 408 3118 1
427 3051 464 3115 Ὁ
487 3054 684 3134 συγγραφεὺς
706 3051 829 3132 ψεῦδος
850 3053 911 3130 μὲν
934 3050 989 3115 οὐκ
1010 3053 1115 3133 εἴρηκέ
1137 3071 1198 3124 πω,

432 3155 588 3240 ψεύσαιτο
609 3156 695 3235 μέντ’
718 3156 760 3216 ἄν
782 3154 818 3217 ἔν
838 3177 873 3231 γε
894 3164 958 3227 τοῖς
979 3153 1104 3226 λοιποῖς
1126 3149 1244 3230 λόγοις,

435 3258 513 3325 οὕτω
537 3256 717 3343 φιλούντων
738 3260 801 3319 τῶν
822 3257 1013 3320 κελευόντων
1036 3256 1123 3333 τα’όε,

434 3357 480 3424 ὧν
501 3371 565 3433 τοῖς
586 3360 732 3431 έπαίνοις
753 3360 919 3442 έντρυφοῑν
936 3361 970 3422 τό
992 3361 1126 3440 βιβλίον,

389 3465 411 3530 5
435 3463 540 3550 [ὅμως
561 3462 673 3537 ἔδοξεν
692 3461 890 3542 ένόεέστερον
913 3462 1032 3537 λέγειν·

433 3566 561 3642 ἐξουσία
586 3561 708 3645 κρότων
729 3568 790 3644 γὰρ
814 3563 870 3628 οῦκ
893 3564 1003 3652 οίόε[ν]
1027 3566 1132 3645 κόρον.

434 3666 547 3732 ου’κοῦν
568 3665 719 3750 α’φείσθω
741 3670 837 3732 ταῦτα
859 3677 923 3740 τοίς
944 3669 1117 3748 ἐγκωμίοις,

433 3772 451 3855 ἡ
477 3772 641 3853 συγγραφῇ
666 3768 702 3831 δὲ
721 3770 763 3852 μὴ
786 3773 985 3849 προχωρείτω
1008 3770 1123 3832 πλέον·

436 3873 491 3938 οἰκ
513 3872 638 3956 εὐφυῶς
659 3875 721 3951 γὰρ
745 3877 824 3954 πρὸς
845 3873 882 3934 τό
907 3876 960 3936 τοῦ
984 3872 1124 3955 ψεύδους
1145 3873 1219 3952 ἔχει,

373 3979 414 4044 10
436 3978 533 4057 νόμος
555 4000 586 4039 τε
607 3977 719 4057 ταύτην
741 3975 913 4057 ἐκτροπῆς
935 3972 1116 4058 α’ποτρέπει.

435 4080 579 4144 ἐνταῦθα
600 4080 707 4141 τοίνυν
729 4081 783 4138 τόν
806 4076 929 4157 δρόμον
951 4078 1045 4142 παύει
1066 4080 1151 4153 τέως,

437 4188 496 4258 έως
519 4187 584 4247 κατ’
607 4181 688 4247 εὐθὺ
710 4181 759 4266 δῷ
779 4205 824 4255 τις
846 4181 924 4272 αὐτῇ
945 4184 978 4245 τό
1000 4185 1128 4266 τρέχειν.

349 4389 415 4457 97.
438 4389 495 4462 Είς
513 4388 551 4451 τό
576 4387 766 4470 δωρηθέντα
787 4398 910 4470 μηναϊα
931 4388 977 4462 εἰς
998 4385 1149 4469 Εῦχοίῐτα.

395 4488 558 4571 ΙῪμνων
578 4490 730 4553 έπελθοίν
752 4488 929 4574 ἤμερφσίων
949 4493 1088 4571 βίβλους,

436 4594 548 4658 πᾶσάν
569 4617 600 4656 τε
622 4594 737 4658 τούτων
758 4599 813 4676 τήν
834 4597 963 4678 γραφὴν
984 4595 1142 4671 έπιξέσας,

437 4702 490 4761 καί
512 4707 602 4779 χεῖρα
625 4700 679 4757 καί
700 4700 777 4759 νοῦν
800 4692 842 4770 ὦς
864 4697 940 4780 ένῆν
962 4702 1159 4781 καταρτίσας,

438 4799 544 4880 όοίρον
567 4799 665 4883 φίλον
688 4798 805 4880 δίδωμι
826 4805 880 4861 καὶ
901 4802 992 4881 μα’λα
1015 4805 1140 4883 πρέπον
