4560 6172
340 488 404 552 212
1836 484 1920 551 190

340 667 376 722 τό
398 660 571 739 πρόσωπον
600 655 703 737 ὥσπερ
732 652 749 717 δ
781 654 918 738 θεόπτης
946 657 979 717 τδ
1004 654 1174 738 πρότερον*
1201 655 1235 717 ἐκ
1263 658 1315 737 τής
1338 653 1433 740 αύιης
1454 656 1557 729 αλτίας
1578 661 1631 718 καί
1652 650 1742 729 οἶτος
1764 654 1919 727 δεδοξασ-

341 767 439 841 μένον
461 762 585 834 δεικνύς
617 766 670 823 καὶ
691 764 805 841 μικρού
828 783 855 822 τι
877 769 1013 841 κρεῖττον
1034 753 1152 840 δμοίως
1184 759 1293 842 ὄψεως
1321 757 1545 844 ἀνθρωπίνης,
1576 760 1672 833 οὕτως
1695 759 1762 847 ήδει
1786 755 1917 839 τιμάνό

342 865 425 948 λερδς
446 867 564 939 ἐκεῖνος
585 863 763 946 ἱερωσύνην,
786 864 867 926 οὕτω
883 862 913 925 δ’
928 860 971 925 αύ
987 861 1087 927 πάλιν
1108 863 1185 945 παρ’
1200 865 1317 945 ἐκείνης
1332 863 1574 943 ἀντετιμάσθαι·
1597 867 1626 927 τί
1648 864 1685 927 δέ
1707 861 1917 942 ούτεέμελλεν

343 967 369 1054 ᾦ
390 975 537 1033 τοσοῦτον
558 967 742 1051 ἐξέλαμψεν
764 966 781 1029 ό
802 969 871 1047 βίος
890 965 998 1047 ὁμετά
1012 972 1107 1032 ταῦτα
1127 972 1182 1029 ταί
1196 967 1260 1052 [ὃς]
1277 966 1434 1039 τοιαύταις
1455 968 1487 1030 τδ
1514 971 1606 1030 θεῖον
1629 971 1818 1049 θεραπείαις
1838 968 1918 1051 ἐξῳ-

342 1075 502 1161 κειάήσατο
534 1077 602 1155 (ίνοι
631 1072 674 1155 μή
705 1072 742 1134 τά
766 1072 844 1133 καθ’
866 1074 981 1133 ίκαστα
1003 1075 1065 1134 τάν
1086 1070 1194 1133 ἀλλων
1214 1070 1314 1134 ἐπιών
1336 1070 1518 1158 διατρίβω),
1551 1069 1593 1145 τός
1615 1077 1669 1134 καλ
1692 1076 1772 1134 θεα-
1838 1072 1918 1138 307²

342 1183 452 1257 μάτων
474 1176 664 1260 ἀπορρήτων
687 1174 871 1257 ἀξιωθήναι
892 1175 947 1237 τόν
968 1175 1074 1255 ἀνδρα
1096 1182 1149 1236 καί
1163 1177 1338 1259 μυστηρίων
1351 1174 1498 1256 μεγάλων
1513 1174 1725 1260 ἀποκάλυψιν
1740 1176 1916 1251 δέξασθαις

343 1279 389 1344 ἀν
416 1285 450 1345 τό
479 1280 564 1354 τέλος
587 1282 703 1362 ψυχάν
724 1278 889 1359 οίκονομία
913 1283 965 1340 καί
987 1281 1131 1364 σωτηρία,
1162 1278 1349 1361 παράδοξον
1368 1281 1428 1358 μὲν
1448 1277 1503 1360 τήν
1524 1278 1675 1362 ἀφορμήν
1697 1279 1841 1358 λαβοῦσα
1862 1285 1916 1339 καὶ

344 1388 397 1468 τήν
420 1383 532 1467 ἀρχήν,
554 1383 599 1455 είς
621 1381 656 1444 δέ
679 1391 813 1461 κρεῖττον
837 1382 939 1466 πάσης
960 1382 1089 1457 ἐλπίδος
1110 1380 1307 1460 ἀποτέλεσμα
1331 1380 1464 1462 λήξασα.

430 1488 511 1561 9Τίς
533 1484 590 1551 ούν
613 1483 631 1548 ό
653 1483 769 1565 τρόπος
792 1490 845 1547 καὶ
867 1485 991 1565 πόθεν,
1023 1486 1179 1548 στέλλεταί
1202 1508 1275 1549 ποτε
1297 1491 1375 1546 κατά
1397 1487 1466 1546 τινά
1488 1489 1596 1562 χρείαν
1616 1484 1680 1547 ύπδ
1701 1491 1754 1551 τοῦ
1773 1486 1914 1568 μεγάλου

345 1596 462 1673 πατρός
491 1592 543 1674 ἐφ’
565 1591 583 1653 δ
606 1589 646 1670 δή
655 1578 703 1628 “⁰·
734 1594 787 1650 καὶ
815 1597 876 1669 γὰρ
906 1587 981 1652 τάδε
1006 1593 1082 1667 μετὰ
1112 1594 1145 1651 τδ
1174 1595 1226 1669 τής
1253 1589 1422 1669 ἱερωσύνης
1452 1587 1616 1667 αίδέσιμον
1645 1595 1697 1654 τοῦ
1726 1589 1914 1672 λειτουργεῖν

344 1696 462 1778 ἀπέστη
484 1706 547 1766 τοῖς
569 1692 736 1775 ἀδελφοῖς,
766 1696 895 1773 μεγέθει
917 1715 948 1755 τε
969 1693 1257 1775 ταπεινοφροσύνης
1285 1697 1339 1753 καὶ
1362 1695 1546 1772 προθυμίας
1567 1690 1662 1779 ἀκμή.
1696 1692 1765 1753 ἐπεὶ
1787 1692 1823 1755 δέ
1844 1692 1916 1765 ἀλις

343 1801 424 1880 εἶχεν
453 1799 535 1882 αὐτῷ
561 1797 599 1860 τὰ
630 1800 682 1881 τής
710 1797 835 1880 ἀρίστης
857 1796 1032 1877 ύποταγής,
1062 1800 1114 1856 καί
1137 1795 1199 1858 ἔδει
1221 1801 1275 1859 τάν
1298 1799 1455 1876 ἄρχεσθαι
1476 1798 1628 1876 μαθόντα
1649 1801 1703 1857 καὶ
1725 1801 1915 1877 πειθαρχεῖν

343 1906 387 1976 είς
408 1906 554 1966 τοσοῐτον
575 1901 635 1986 ήδη
657 1906 710 1964 καί
732 1900 829 1964 αύτὸν
851 1900 959 1962 ἀλλων
981 1900 1094 1980 ἀρξαι,
1123 1904 1176 1961 καί
1196 1904 1297 1979 μέγαν
1319 1899 1452 1982 ἀληθῶς
1473 1900 1509 1961 έν
1530 1903 1566 1988 τή
1586 1901 1730 1980 βασιλείᾳ
1753 1900 1914 1985 τληθήναι

343 2011 404 2070 τάν
426 2003 589 2085 οὐρανῶν,
618 2009 660 2084 μή
689 2008 790 2086 μόνον
812 2003 987 2086 ποιήσαντα
1017 2009 1072 2085 τήν
1093 1999 1265 2084 ύποταγήν,
1295 2002 1379 2065 ἀλλά
1401 2006 1454 2063 καὶ
1476 2001 1681 2078 διδάξαντα*,
1709 2005 1852 2093 ἐνταῦθα
1876 2010 1912 2067 τά

344 2109 485 2192 σύμβολα
516 2113 568 2190 τής
596 2112 689 2182 θείας
709 2110 898 2190 ἐπισκοπής,
930 2105 1105 2168 κάντεύθεν
1127 2105 1144 2188 ή
1166 2106 1257 2188 χάρις
1280 2107 1339 2190 η’δη
1368 2108 1423 2168 τὸν
1450 2103 1562 2189 ἕαυτής
1585 2108 1783 2190 μνηστεύεται
1810 2106 1913 2183 ἀξιον.

432 2213 567 2294 ιοΤρίτή
595 2212 650 2272 τόν
678 2212 837 2288 γεννάδαν
864 2210 1016 2273 δδεόοντα
1039 2213 1091 2292 τῆς
1115 2208 1231 2291 ἡμέρας
1253 2209 1321 2291 (δρα
1350 2210 1595 2291 καταλαμβάνει.
1623 2211 1639 2274 ὁ
1672 2213 1707 2274 δὲ
1739 2216 1818 2290 πρὸς
1843 2215 1912 2274 τινά

343 2320 405 2380 τῶν
427 2315 592 2397 παροδίων
615 2324 702 2378 ναῶν
723 2314 815 2398 εάχής
835 2314 1001 2393 είσέδραμε
1017 2313 1128 2395 χάριν·
1149 2319 1238 2376 τούτο
1259 2314 1322 2394 γάρ
1345 2314 1349 2399 Ι
1374 2312 1411 2396 ήν
1433 2315 1510 2386 ἔθος
1533 2313 1625 2396 αὐτῷ,
1649 2317 1710 2376 κάν
1732 2313 1769 2377 τά
1835 2316 1914 2381 308¹

344 2422 474 2485 πάντων
495 2420 601 2502 ἤπειγε
624 2417 870 2481 σπουδαιότατα.
900 2415 917 2480 ὁ
941 2419 1019 2489 ναὸς
1041 2415 1076 2478 δὲ
1093 2418 1219 2498 Ἅννης,
1250 2415 1292 2490 ὠς
1318 2416 1426 2491 λόγος,
1455 2422 1507 2499 τής
1529 2415 1621 2495 ἀγίας
1642 2420 1838 2501 προμήτορος
1859 2422 1914 2482 τού

344 2529 479 2606 σωτήρος
502 2527 602 2606 ημῶν.
632 2522 807 2603 παρελθών
828 2524 933 2583 τοίνυν
952 2523 1025 2583 εἴσω
1047 2526 1100 2582 καὶ
1122 2520 1195 2594 δούς
1216 2527 1258 2603 τῷ
1278 2526 1338 2600 μὲν
1359 2511 1509 2602 ἑδάφει““
1531 2526 1568 2582 τά
1590 2522 1725 2598 γόνατα,
1757 2522 1838 2603 πρός
1859 2523 1915 2586 σύ·

344 2631 444 2710 ρανύν
466 2629 501 2689 δὲ
523 2637 629 2706 χεῖρας
651 2631 703 2686 καὶ
725 2625 853 2705 ὄμματα
886 2630 939 2686 καὶ
970 2631 1045 2689 νοῦν
1073 2622 1266 2705 α’νυψιόσας,
1300 2624 1336 2688 ἐν
1365 2624 1504 2687 ἐκστάσει
1533 2629 1660 2702 γέγονεν
1688 2624 1762 2699 δλος
1784 2630 1837 2688 καλ
1858 2624 1914 2690 σύν

306 2787 310 2794 ,
343 2737 448 2816 χρόνῳ
470 2731 563 2812 μόλις
584 2729 785 2806 ἐπανελθών,
813 2734 876 2810 τρίς
896 2727 967 2811 ἑξής
988 2725 1211 2809 ἀνεφθέγξατο
1238 2731 1334 2809 Τριάς
1357 2728 1448 2805 ἁγία,
1479 2727 1561 2803 δόξα
1584 2748 1644 2798 σοι.
1733 2731 1833 2792 11τότε
1853 2733 1914 2810 μὲν

344 2834 402 2900 ούν
424 2834 517 2900 οὐδὲν
537 2840 611 2905 ἴσως
632 2834 731 2895 πλέον
752 2832 999 2915 ἐπισημήναντος
1020 2834 1074 2894 τού
1097 2829 1271 2914 ἀφθέντος,
1305 2832 1410 2905 άλλως
1430 2856 1460 2894 τε
1482 2831 1565 2915 αδτῳ·
1586 2836 1641 2915 τήν
1662 2835 1774 2916 φωνήν
1800 2837 1913 2917 ταύτην

343 2940 495 3006 ἐπελθεῖν
518 2939 609 3023 ᾤετο,
632 2945 684 2999 καὶ
708 2941 776 3024 σιγή
798 2939 872 3017 παρ’
893 2934 994 3020 ἐαυτῷ
1016 2938 1142 3015 κατέσχε
1164 2933 1196 2998 τό
1221 2940 1349 3017 θαῦμα,
1381 2937 1633 3018 διαπορούμενος
1654 2937 1722 3015 ἅμα
1744 2943 1798 2998 καὶ
1820 2961 1912 3018 περι-

344 3047 471 3108 σκοπῶν
494 3044 699 3121 πανταχόθεν
720 3045 774 3102 τού
796 3043 962 3123 μυστηρίου
985 3042 1038 3121 τήν
1060 3039 1207 3118 δύναμιν.
1296 3039 1368 3102 12οδ
1391 3041 1472 3103 πολύ
1495 3049 1528 3104 τὸ
1549 3042 1584 3103 ἐν
1604 3045 1709 3126 μέσῳ,
1739 3048 1791 3103 καὶ
1815 3042 1913 3104 πάλιν

344 3151 397 3212 ἐπὶ
417 3150 486 3210 τινὰ
510 3144 630 3217 σταλείς
646 3143 848 3225 λειτουργίαν,
872 3143 1053 3224 τελειότερον
1066 3141 1166 3216 εάθύς
1189 3149 1240 3205 καλ
1256 3143 1440 3224 τρανότερον
1457 3145 1639 3209 διδάσκεται
1661 3150 1694 3208 τό
1718 3144 1913 3229 ἀπόρρητον·

345 3251 526 3314 διδάσκεται
539 3247 601 3310 δέ*.
626 3248 715 3328 παρὰ
739 3244 807 3320 τούς
822 3246 988 3329 πρόποδας
1009 3247 1088 3309 ίόντι
1109 3249 1164 3309 τού
1184 3250 1303 3326 βουνοῦ
1322 3249 1420 3322 τούδτ,
1445 3250 1480 3322 ύς
1494 3253 1548 3331 τήν
1563 3248 1653 3332 ίερὰν
1668 3250 1788 3313 ἐκείνου
1801 3251 1912 3332 ταύτην

345 3358 446 3439 μονήν
467 3352 547 3432 ύπερ
570 3350 682 3415 ἑαυτοῦ
704 3357 773 3413 νυνὶ
794 3356 893 3434 φέρει,
917 3354 1064 3431 θειοτέρα
1090 3373 1135 3423 τις
1155 3351 1234 3434 δψις
1255 3350 1341 3437 αὐτῷ
1362 3353 1397 3414 έν
1418 3355 1558 3432 μοναχού
1579 3353 1744 3436 συνήντησε
1767 3357 1913 3436 σχήματι·

345 3465 399 3523 καὶ
421 3457 438 3521 ό
460 3459 600 3537 μοναχδς
622 3455 750 3530 πολιός,
782 3451 967 3538 ἱεροπρεπής
988 3458 1043 3535 τήν
1064 3455 1185 3539 στολήν,
1218 3454 1362 3538 θεοειδής
1384 3459 1438 3538 τήν
1459 3459 1598 3540 μορφήν.
1626 3452 1713 3529 ούτος
1734 3462 1839 3521 τοίνυν
1861 3462 1915 3522 τόν

346 3563 433 3627 ὅσιον
456 3560 604 3640 όνομαστὶ
627 3560 807 3639 προσειπών
822 3558 930 3641 Ὁρᾷς,
954 3560 1024 3641 ἔφη,
1047 3560 1156 3620 τέκνον
1173 3561 1334 3638 Δωρόθεε,
1357 3563 1390 3622 τό
1407 3560 1411 3647 ή
1428 3559 1649 3641 ὑπερκείμενον
1664 3566 1770 3640 τούτος
1835 3565 1914 3629 308²

346 3673 397 3728 καί
420 3666 489 3745 οἶμα
511 3666 565 3725 τόν
587 3662 691 3743 λόφον
713 3666 749 3751 τη·
769 3669 848 3741 χειρί
869 3662 1067 3743 παρεδείκνυ.
1090 3668 1188 3737 τούτο,
1218 3664 1314 3737 εἶπεν,
1346 3662 1384 3745 ήν
1404 3664 1453 3727 ότε
1475 3664 1603 3728 πολλῶν
1621 3664 1768 3746 μεγάλων
1787 3665 1915 3750 ἀνδρῶν

346 3770 578 3851 κατοικητήριον
602 3762 648 3846 ήν,
672 3762 757 3843 ἱερὸν
780 3767 851 3845 ἔχον
867 3766 970 3843 ἀγιον,
992 3774 1026 3854 τῇ
1042 3765 1202 3848 ἐπικλήσει
1215 3767 1388 3848 τιμώμενον
1401 3773 1451 3850 τής
1468 3767 1629 3851 ύπερθέου
1642 3771 1779 3850 τριάδος,
1801 3774 1834 3834 τδ
1858 3773 1916 3833 νύν

344 3879 380 3935 έν
402 3873 550 3954 έρειπίοις
570 3871 671 3951 μόνον
694 3869 865 3952 ἀράμενον,
899 3871 976 3950 ύπερ
1006 3867 1104 3943 αὖθις
1131 3871 1305 3953 ἀναοτήναι
1329 3869 1379 3932 δεῖ
1399 3877 1487 3955 παρὰ
1511 3880 1566 3936 σού
1588 3874 1917 3956 μεγαλοπρεπέστερον

345 3982 398 4040 καὶ
419 3976 475 4039 τόν
497 3974 595 4037 τόπον
618 3976 802 4059 οἰκισθῆναι
825 3975 1060 4059 φιλοτιμότερον
1089 3974 1142 4036 ἐπὶ
1170 3979 1241 4061 τιμή
1270 3979 1322 4058 τής
1350 3981 1493 4054 τριάδος·
1528 3982 1614 4042 τούτο
1643 3984 1704 4059 γὰρ
1733 3979 1825 4061 αὐτῆς
1854 3981 1917 4045 ἐστὶ

347 4083 490 4165 θέλημα·
514 4082 551 4142 σύ
576 4080 611 4142 δὲ
634 4118 676 4127 -
698 4078 769 4143 ἀλλ’
793 4079 879 4151 ὅπως
900 4102 954 4157 μοι
975 4077 1091 4140 τούτων
1113 4077 1148 4140 ἐν
1169 4083 1269 4162 καιρῷ
1290 4082 1512 4162 μνημονεύσεις
1533 4089 1586 4144 καλ
1599 4082 1699 4166 μηδὲν
1713 4089 1918 4167 σκηψάμενος

344 4185 546 4256 ύπακοιόεις·
570 4182 670 4247 τάλλα
693 4186 723 4246 δ’
745 4185 867 4257 εὔελπις
889 4183 957 4247 ἔσο·
980 4186 1015 4270 τή
1037 4186 1098 4264 γάρ
1120 4183 1225 4264 τριάδι
1247 4188 1353 4247 πάντα
1372 4185 1508 4267 μελήσει.
1596 4185 1919 4271 18ομενιῖνφωας

346 4293 429 4353 ταῦτ’
451 4289 551 4352 είπιάν
574 4288 609 4365 ἐξ
631 4288 817 4371 ὀφθαλμῶν
836 4286 936 4361 εύθύς
958 4283 1004 4369 ήν,
1027 4292 1081 4349 τὸν
1102 4284 1212 4348 ι’δύντα
1235 4288 1271 4350 δὲ
1300 4295 1353 4349 καὶ
1375 4287 1553 4354 ἀκούσαντα
1576 4292 1678 4373 φόβος
1701 4292 1768 4370 ἀμα
1791 4295 1917 4373 κατέσχε

346 4399 503 4474 καλ.χαρά
529 4393 623 4468 λόγου
646 4396 814 4477 κρείττων*,
844 4398 887 4477 τῷ
914 4395 973 4473 μὲν
1001 4391 1176 4476 παραδόξῳ
1203 4397 1254 4473 τής
1284 4393 1392 4475 ὅψεως
1419 4394 1675 4476 ἐκπεπληγμένον
1704 4395 1808 4476 ὥσπερ
1835 4396 1919 4470 ελκὸς

345 4506 398 4562 καὶ
422 4499 565 4580 θορύβου
586 4501 640 4583 τήν
663 4500 771 4584 ψυχήν
792 4497 1021 4579 πεπλησμένον,
1044 4499 1192 4577 χαίροντα
1216 4498 1243 4559 δ’
1267 4496 1351 4576 ὅμως
1372 4501 1407 4587 τῇ
1429 4504 1482 4562 τού
1500 4505 1573 4580 πρὶν
1588 4498 1770 4581 ἀπορρήτου
1786 4500 1919 4582 δηλώσει

347 4613 399 4668 καλ
422 4607 596 4688 σαφηνείᾳ,
631 4610 682 4664 καὶ
705 4603 750 4665 ότι
772 4606 814 4684 μή
838 4598 1048 4684 μάτηναύτῳ
1071 4599 1149 4662 κατά
1178 4603 1232 4684 τήν
1261 4605 1403 4681 θεωρίαν
1425 4603 1545 4687 έκείνην
1566 4601 1583 4686 ή
1606 4609 1694 4686 τριάς
1715 4604 1773 4691 ὅλη
1794 4603 1919 4693 γλώσσῃ

344 4715 378 4774 τὸ
399 4713 500 4792 τρίτον
522 4707 721 4791 ἐξεφωνήθη.
811 4704 934 4768 14ούπω
957 4703 985 4766 δ’
1007 4700 1063 4768 σύν
1085 4704 1146 4784 είχε
1169 4705 1306 4768 συνιδεῖν
1328 4730 1355 4768 τι
1378 4709 1477 4787 πέρας
1500 4712 1553 4774 τού
1568 4709 1763 4789 πράγματος,
1786 4707 1858 4770 ἀλλ’
1882 4706 1920 4793 ήν

415 4839 429 4888 8
448 4832 526 4888 Exod
546 4852 583 4899 34,
604 4850 633 4900 τη
649 4841 684 4898 19
704 4829 795 4884 Matth
814 4847 837 4896 5,
856 4830 906 4898 19!
923 4848 951 4882 ιτ
969 4827 1083 4883 videtur
1102 4823 1181 4887 οὕτως
1200 4828 1294 4883 deesse
1313 4829 1439 4900 Layardo
1455 4835 1459 4898 Ι
1477 4848 1503 4898 ¹³
1522 4834 1642 4901 κρείττων
1659 4830 1701 4897 0²,
1718 4834 1833 4900 κρεῖττον
1851 4827 1884 4883 0¹
