4560 6172
275 740 475 827 Ικάμπουσιν
496 738 552 805 ούκ
574 741 694 801 άκοντα
716 743 770 800 καὶ
791 742 942 802 πείθουσί
962 763 1011 822 με.
1114 792 1116 794 ,

273 840 299 906 ιδ
321 848 407 906 πιστὲ
430 844 534 919 δοῦλε,
556 846 611 927 τῆν
633 848 729 924 χάριν
749 844 866 918 τούτοις
887 846 1003 925 νέμων,

274 948 320 1021 εἰς
340 948 395 1030 την
416 950 522 1032 χαράν
542 946 667 1011 εἴσελθε
689 950 742 1012 τού
763 951 819 1013 σού
840 951 958 1032 κυρίου.
1567 963 1597 1082 :⁵
1613 943 1774 1082 λξηιελιεεοο

187 1158 255 1224 79.
270 1154 380 1217 Ἀλλοι
401 1155 445 1227 εἰς
465 1156 520 1217 τδν
542 1155 666 1238 σωτῆρα
688 1153 731 1228 άς
751 1141 787 1217 έκ
808 1159 861 1219 τοῦ
881 1154 1047 1233 βασιλέως.

233 1261 250 1324 1
278 1263 353 1321 Τῶν
374 1256 518 1320 άστάτοιν
537 1263 597 1337 μέν
618 1257 714 1321 οδδεν
734 1259 897 1341 αλτησαντέ
918 1280 973 1338 μοι
1060 1241 1065 1252 ’
1570 1279 1581 1312 1
1599 1257 1757 1327 Regnorum

276 1361 362 1441 ὅμως
384 1360 528 1434 δέδωκας
550 1366 667 1437 πάντα,
691 1361 861 1445 δημιουργέ
881 1384 952 1443 μου.
1569 1350 1625 1400 7'3’
1640 1350 1666 1383 ¹¹

275 1464 356 1547 ζωὴν
377 1465 413 1527 δὲ
436 1467 492 1548 την
512 1469 672 1545 μένουσαν
694 1466 904 1552 ἐξαιτουμένῳ

273 1567 400 1651 μᾶλλον
422 1570 655 1654 παρακλῆθητι,
678 1574 731 1631 καὶ
753 1569 809 1643 δός
829 1573 884 1654 την
904 1569 1006 1652 χάριν.

192 1780 261 1848 80.
282 1776 340 1848 Ek
359 1776 414 1858 τὴν
435 1776 471 1837 έν
491 1778 535 1859 τῷ
558 1779 732 1859 Σωσθενύῳ
754 1775 875 1840 ελκόνα.

234 1882 250 1945 l
275 1881 321 1962 Σὴ
344 1885 408 1959 χεὶρ
431 1880 564 1960 κραταιά
585 1882 655 1952 τοὺς
675 1882 843 1958 κραταιούς
863 1880 1019 1955 δεσπότας

274 1984 396 2061 ἔστεψε,
419 1986 544 2063 Χριστέ,
567 1988 621 2043 καὶ
643 1985 780 2065 παρέσχε
801 1985 834 2045 τδ
858 1983 985 2066 κράτος·

274 2087 312 2168 σε)
335 2085 498 2169 χρηστότης
520 2085 695 2148 θάλασσαν
716 2084 754 2150 ού
775 2090 966 2170 κενουμένην

274 2191 393 2264 ἔδειξεν
414 2187 524 2263 αύτούς
546 2188 706 2252 πλουσίων
727 2189 939 2270 χαρισμάτων.

233 2296 254 2361 5
277 2291 322 2356 τόν
344 2294 505 2377 α’φθόνως
528 2293 641 2355 άπασα
662 2296 701 2370 γῆ
723 2293 934 2377 πληρουμένη,

275 2402 324 2460 σοὶ
345 2403 387 2481 τῷ
407 2400 564 2485 βραβευτῇ
585 2401 638 2460 τοῦ
661 2396 794 2477 κρότους
816 2398 919 2472 δόξαν
941 2400 1043 2482 φέρει,

275 2504 309 2564 σε
331 2503 385 2564 τόν
408 2503 558 2580 συνεργόν
579 2496 704 2565 ἱκετεύει
725 2504 779 2565 τοτ’
801 2501 934 2582 κράτους

274 2603 325 2667 αἐὶ
350 2615 510 2686 παρεῖναι,
533 2615 717 2686 συμμαχεῖν,
739 2605 903 2684 ένισχύειν,

276 2707 358 2792 ζωην
378 2719 522 2792 χορηγεῖν
543 2714 597 2770 καλ
618 2709 723 2789 χαράν
743 2721 807 2783 τοῖς
829 2707 1008 2784 δεσπόταις.

211 2814 252 2879 10
271 2812 392 2895 μάρτυς
415 2811 450 2875 δὲ
473 2810 588 2877 τούτων
610 2811 628 2895 δ
650 2814 758 2897 γραφη
780 2817 834 2897 τῆς
854 2812 988 2888 εἰκόνος.

274 2915 307 2979 οἳ
327 2917 388 2998 γάρ
410 2923 566 2997 μονασταλ
585 2921 638 2998 τῆς
659 2921 757 2998 μονῆς
779 2923 832 3001 τῆς
852 2921 957 2996 τιμίας

274 3024 328 3087 τού
348 3023 550 3083 Σωσθενλτου
570 3020 660 3085 τοῦδε
681 3026 735 3084 τού
756 3020 989 3103 πρωιαγγέλου,

273 3125 404 3189 πολλιόν
425 3115 567 3204 τυχόντες
588 3123 718 3206 δωρεῶν
740 3133 793 3187 καὶ
816 3125 989 3201 πλουσίων,

274 3229 387 3312 ταύτην
407 3227 544 3311 άμοιβην
566 3239 630 3302 τοῖς
652 3228 761 3302 καλοῖς
782 3226 955 3308 εὐεργέταις

212 3334 254 3400 15
276 3331 543 3416 α’ντεισφέροοσιν,
566 3331 756 3414 ἱστοροῦντες
777 3332 926 3414 εὐτέχνως
972 3328 977 3338 ’

279 3436 342 3523 Ισέ,
364 3437 480 3517 Χριστέ
500 3456 574 3516 μου,
597 3440 753 3519 στέφοντα
774 3436 899 3511 τούτους
920 3436 1052 3502 ἐνθάδε.
1209 3437 1269 3506 32¹

193 3647 260 3714 81.
281 3643 338 3718 Εἲς
358 3647 413 3707 τόν
433 3645 487 3709 τοῦ
506 3643 664 3723 βασιλέως
684 3644 789 3724 τάφον
811 3644 997 3723 ἐπιτύμβιον.

236 3749 370 3829 1Ὄναρ
392 3747 429 3810 τά
454 3750 557 3830 θνητά
581 3751 689 3809 πάντα
711 3752 765 3809 καὶ
785 3746 967 3829 ματαιότης,

277 3851 411 3930 εὔκλεια,
434 3851 527 3926 δόξα,
550 3849 692 3925 πλοῦτος,
716 3850 789 3915 αύτδ
813 3851 846 3913 τδ
869 3850 1000 3932 κράτος·

278 3953 296 4018 ό
319 3958 380 4037 γάρ
404 3955 465 4036 πρδ
487 3958 599 4035 μικροῦ
619 3954 765 4034 βασιλεὺς
786 3954 983 4037 κεκλημένος,

279 4057 296 4123 δ
319 4063 375 4141 γῆς
396 4057 522 4123 α’κούων
544 4058 650 4138 κύριος
671 4063 725 4119 καὶ
747 4057 899 4141 δεσπότης

235 4165 332 4230 fixa)
354 4161 414 4236 ζῶν
435 4165 494 4242 μὲν
516 4161 616 4224 ἄλλον
638 4162 699 4242 εἶχε
721 4161 813 4241 μείζω
836 4161 1001 4245 δεσπότην,

278 4273 332 4329 καὶ
354 4269 411 4331 νόν
431 4269 591 4348 τεθνηκώς
613 4264 655 4340 ὠς
677 4269 781 4348 κριτην
803 4270 909 4329 τοῦτον
928 4268 1027 4347 μένει,

278 4370 391 4448 λόγους
413 4368 627 4453 α’παιιησοντα
648 4375 711 4432 τῶν
733 4375 975 4450 πεπραγμένων.

277 4479 353 4549 τέως
376 4474 411 4537 δέ
434 4472 543 4553 νεκρός
563 4475 626 4536 έστι
648 4479 701 4536 καλ
723 4475 814 4556 κωφοὶ
839 4475 936 4549 κόνις,

278 4582 420 4662 ἄφωνος,
443 4580 575 4653 άπνους,
598 4580 671 4658 χούς
691 4583 794 4660 μόνον
815 4578 993 4658 λελυμένος.

217 4686 259 4752 10
280 4683 298 4767 ἦ
321 4689 397 4764 πρὶν
417 4682 452 4744 δέ
475 4682 556 4756 δόξα
578 4688 632 4744 καὶ
653 4684 687 4745 τό
709 4686 763 4748 τού
787 4683 908 4765 θρόνου
930 4681 1052 4764 κράτος,

277 4791 315 4851 τά
338 4790 489 4870 σκῆπτρα,
512 4785 550 4848 τά
572 4784 722 4867 τρόπαια,
744 4791 778 4850 τδ
801 4793 934 4871 στέφους
955 4786 1046 4860 κλέος
1067 4822 1110 4836 -

279 4891 410 4955 ἅπαντα
431 4893 528 4953 ταῦτα
550 4892 639 4978 (φεῦ)
662 4891 832 4975 παρῆλθεν
853 4888 967 4973 άθρόα
