4560 6172
243 718 259 781 1
286 717 368 791 Θεὸς
389 714 496 801 φύλαξ
518 733 586 780 σοι·
609 719 696 781 τούτο
718 718 780 798 χᾶρ
803 715 913 801 κλῆσιν
935 722 1052 803 φέρεις.

281 820 352 900 ἐμοὶ
374 819 487 882 δὲκαὶ
509 824 546 884 σύ
568 815 625 885 σύν
647 824 717 905 θεῷ
740 818 857 903 φύλαξ,
880 822 988 905 πάτερ,

283 923 392 1010 σηίζων
414 922 542 1000 ἄσινῶς,
564 921 722 1007 ἄσφαλῶς
743 921 900 1001 διεξάγων

283 1032 337 1090 καὶ
358 1031 413 1111 την
436 1026 531 1112 ζάλης
551 1031 711 1109 γέμουσαν
733 1024 859 1112 ἡμερῶν
881 1026 986 1105 νόσον,

240 1133 262 1198 5
285 1131 342 1218 Ιῆν
362 1132 408 1206 εἰς
429 1132 517 1206 τέλος
539 1130 685 1214 πράῦνον
705 1129 806 1212 εὐχῶν
828 1133 1020 1214 φαρμάκοις,
1219 1132 1276 1198 291

283 1239 337 1297 καὶ
359 1233 467 1298 πάντα
488 1258 543 1316 μοι
565 1236 741 1316 σύμπραττε
764 1235 844 1316 πρός
864 1237 897 1298 τὰ
921 1238 1094 1318 συμφέρον,

284 1339 387 1422 ἔργοις
406 1342 548 1420 βεβαιῶν
568 1340 623 1422 τὴν
644 1336 816 1418 έπῶνυμον
836 1342 942 1420 χάριν,

283 1442 337 1524 ἐφ’
358 1443 398 1527 ἢν
416 1446 599 1519 πεποιθώς,
622 1439 736 1524 ἱστορῶ
759 1459 793 1504 σε
814 1447 869 1504 καὶ
889 1444 1015 1526 γράφω.

198 1654 267 1721 66.
288 1652 431 1731 Λίνιχμα
453 1651 499 1726 εἰς
520 1650 647 1724 πλοῖον,
670 1647 714 1724 ῶς
734 1649 770 1726 ἐξ
789 1648 905 1731 ἑτέρου.
1010 1690 1013 1695 ›

244 1759 260 1819 1
286 1755 382 1839 Ζῷόν
402 1778 431 1817 τι
453 1753 568 1828 πεζόν·
592 1752 677 1817 άλλᾶ
701 1754 813 1835 νηκτόν
834 1750 962 1838 εὑρέθη.

284 1859 444 1941 ἔμψυχον·
467 1855 537 1920 ἄλλ’
560 1859 701 1940 ἄψυχον.
723 1857 879 1936 ἔμπνουν·
901 1856 974 1919 ἄλλ’
998 1859 1134 1922 ἄπνουν.

283 1965 393 2043 ἕρπον,
414 1961 555 2041 βαδίζον,
578 1966 633 2023 καλ
654 1971 777 2042 πτεροίς
794 1964 991 2044 κεχρημένον.

283 2066 381 2127 ἄκουε
402 2068 456 2125 καὶ
478 2062 633 2145 θαύμαζε,
656 2069 710 2126 καλ
732 2063 824 2126 δίδου
848 2064 947 2129 λύσιν.

198 2276 265 2343 61.
288 2272 344 2346 Εἰς
366 2273 420 2335 τόν
441 2271 475 2333 τό
499 2268 574 2335 αὐτό
597 2270 637 2334 δι’
658 2269 772 2353 ἑτέρων
794 2270 837 2344 ῶς
858 2271 964 2354 ἕτερόν
986 2297 1014 2337 τι
1035 2277 1253 2359 προβαλόντα.

242 2374 453 2458 1Ἐδεξάμην
474 2394 508 2436 σε
530 2377 643 2436 καινόν
665 2373 703 2437 οὐ
725 2375 866 2458 φέροντά
887 2400 932 2439 τι·

284 2480 321 2544 οὐ
344 2483 531 2561 πρόσφατος
552 2478 613 2559 χᾶρ
636 2479 741 2561 ῶσπερ
765 2478 878 2560 αὐχετς,
902 2479 972 2544 ἄλλ’
995 2482 1070 2557 ὅλος

286 2583 393 2658 ἕωλος,
414 2582 553 2665 ἐξίτηλος
575 2582 611 2644 ἐν
633 2581 739 2658 λόγοις
759 2586 867 2664 πάρει,

218 2744 220 2750 .
284 2687 359 2771 νηός
378 2687 527 2769 λυθείσης
548 2689 592 2771 τῷ
613 2689 729 2769 χρόνῳ,
752 2688 861 2769 σαπρά
884 2687 965 2762 ξύλα

241 2793 262 2858 5
284 2789 328 2865 ῶς
349 2791 489 2866 ναυαγός
509 2811 555 2862 τις
576 2790 735 2867 συλλέγων
755 2814 787 2852 τε
809 2794 862 2852 καὶ
885 2790 995 2868 λέγων.

283 2895 447 2977 ἄνθρωπ’,
469 2893 606 2956 ἄπελθε.
628 2895 683 2977 την
705 2893 832 2977 σκάφην
854 2891 1058 2977 άνατρέπεις·

283 3002 433 3082 φθείρειν
454 2997 515 3078 χᾶρ
539 2996 635 3078 αὐτὴν
652 2997 778 3078 μᾶλλον
801 3001 820 3081 ἢ
841 2996 950 3082 σῴζειν
971 3000 1061 3083 ἔφυς,

282 3101 417 3165 κάκιστα
440 3102 566 3183 πηγνύς,
590 3101 709 3184 ῥᾳδίως
731 3101 761 3164 δ’
784 3099 869 3183 ὅμως
891 3102 984 3179 λύων,

286 3208 308 3289 ἢ
329 3242 369 3253 -
390 3204 517 3287 μᾶλλον
537 3205 641 3267 εἰπεῖν
662 3243 703 3253 -
726 3205 932 3268 συνδιασπῶν
953 3210 996 3292 τῷ
1016 3205 1137 3294 χρόνῳ·

220 3311 262 3376 10
282 3310 361 3372 ούτω
384 3312 517 3392 σέσηπεν
539 3307 557 3391 ἢ
581 3307 667 3392 σοφή
687 3327 744 3371 σου
770 3313 895 3373 Πυθία.

281 3412 418 3497 χρησμός
439 3412 475 3473 δὲ
497 3413 606 3485 καινός
626 3410 784 3492 οὐδαμῶς,
808 3414 898 3486 κενός
919 3413 949 3476 δ’
972 3415 1066 3497 ὅμως.

283 3518 366 3601 η’ρως
387 3517 423 3579 δὲ
445 3516 553 3592 δόξας,
578 3514 674 3599 λῆρος
695 3517 830 3601 εὑρέθης
850 3517 961 3600 μόνον.

197 3730 266 3797 62.
289 3728 345 3800 Είς
366 3726 399 3789 τδ
425 3725 611 3811 δεσποτικὸν
634 3723 724 3805 αίμα.

242 3835 259 3896 1
286 3829 349 3918 λἘν
371 3829 520 3909 οὐρανοῖς
540 3833 600 3910 μὲν
621 3833 837 3912 προσκυνητᾶς
858 3831 1010 3908 ἄχχέλους

282 3934 346 3997 ἔδει
367 3939 401 3996 τό
424 3933 537 4013 λύτρον
557 3937 609 4016 τῆς
632 3935 708 4017 έμῆς
729 3934 834 4018 ψυχῆς
856 3937 947 4015 ἔχειν,

282 4037 355 4100 ἄλλ’
377 4035 416 4122 ἦν
438 4040 571 4119 ἄμεινον
592 4039 648 4100 τὸν
671 4038 712 4100 δι’
735 4038 773 4100 ὃν
795 4044 978 4123 παρεσχέθη

281 4147 390 4207 τοῦτον
411 4143 444 4204 τό
467 4141 573 4222 δῶρον
596 4152 786 4223 προσκυνεῖν
807 4142 842 4204 έν
863 4148 902 4230 γῇ
925 4145 1018 4207 κάτω.

239 4248 260 4313 5
282 4245 368 4326 ὅμως
390 4246 426 4308 δὲ
446 4249 532 4309 τοῦτο
556 4249 764 4328 προσκυνοῦσι
787 4251 840 4306 καί
862 4249 942 4322 νόες,

280 4352 425 4414 ἐνταῦθα
447 4356 566 4424 σεπτῶς
588 4355 645 4415 νῦν
666 4355 971 4433 τεθησαυρισμένον·

281 4459 395 4536 πρέπει
416 4457 477 4538 γάρ
501 4453 611 4528 αὐτούς
632 4451 711 4532 αίμα
732 4461 828 4534 τιμᾶν
851 4454 1015 4531 δεσπότου,

279 4561 324 4634 είς
345 4564 380 4623 έν
402 4560 444 4622 δι’
466 4558 560 4624 αὐτοῦ
582 4569 646 4633 τοῖς
665 4562 789 4639 βροτοῖς
811 4564 1036 4643 συνημμένους.

196 4771 265 4838 68.
289 4768 345 4840 Εές
364 4774 419 4850 την
441 4766 607 4842 θεοτόκον,
631 4764 674 4839 ῶς
695 4765 732 4827 ἐν
754 4763 843 4854 ὐπνφ
867 4766 1098 4853 ἄπεκαλύφθη.

237 4875 253 4938 l
280 4872 344 4936 Οὐκ
367 4868 406 4956 η’ν
428 4869 601 4935 καθεύδειν
621 4869 677 4955 την
698 4860 939 4955 φιλάνθρωπον
960 4875 1066 4958 κόρην,
