4560 6172
342 531 429 599 190
1873 533 1938 599 21⁷

340 699 399 766 οὖν
420 699 489 764 οῦδ
511 701 555 774 είς
578 700 712 764 δέκατον
733 701 881 775 ἐξικνεῖτο
903 701 999 780 μέρος
1020 698 1186 780 μεδίμνου,
1216 701 1249 761 τδ
1280 699 1310 760 δ’
1342 699 1514 764 α’ττοδοθέν
1543 701 1579 765 ἐν
1608 704 1709 787 καιρῷ
1740 739 1775 749 -
1802 704 1856 777 τίς,
1881 705 1940 766 θεέ

342 808 404 866 τῶν
419 804 564 880 δικαίων,
585 804 714 888 λαλήσει
730 806 785 878 τάς
800 805 985 876 δυναστείας
1001 805 1076 867 σου*
1083 831 1095 882 ,·
1121 841 1160 850 -
1181 803 1226 876 είς
1241 802 1335 876 ὅλους
1351 804 1517 887 τριάκοντα
1530 805 1701 885 μεδίμνους
1715 809 1938 876 συνεποσοῦτο.

431 909 460 948 ³⁸
471 913 610 974 Τοιαῦτα
640 908 747 972 πολλοὶ
778 911 840 970 τόν
869 911 923 971 τοῦ
952 905 1072 989 άνδρδς
1093 909 1260 987 προσείων
1282 908 1362 969 κατά
1386 908 1502 992 σχολήν
1524 910 1568 971 όν
1589 931 1634 981 τις
1656 908 1722 988 ἔχοι
1743 907 1939 991 φιλαλήθως

343 1009 622 1095 οίπαριθμεῖσθαι,
646 1009 705 1074 οόκ
728 1012 762 1086 ἐξ
785 1009 884 1093 α’κοής
905 1010 1083 1087 α’ναλέγων,
1107 1008 1180 1072 ἀλλ’
1204 1008 1320 1083 αύτούς
1342 1010 1480 1083 ἐκείνους
1501 1014 1570 1085 τοὺς
1584 1015 1701 1075 έκαστα
1716 1012 1835 1075 τούτων
1858 1013 1937 1093 ὄψει

344 1114 596 1197 παραλαβόντας
617 1115 661 1186 είς
683 1112 918 1200 άκριβεστάήτην
941 1118 1111 1196 βεβαίωσιν
1133 1111 1291 1197 παράγων
1318 1119 1381 1176 ττῦν
1403 1113 1591 1195 λεγομένων,
1622 1114 1792 1197 ἐπειδήπερ
1858 1115 1938 1182 315²

344 1221 512 1299 καὶμέχρι
534 1218 693 1298 βασιλέων
716 1216 821 1280 αότοίν
844 1214 860 1300 ή
885 1222 956 1298 περὶ
975 1217 1092 1284 τούτων
1115 1219 1243 1300 ἔφθασε
1263 1216 1363 1300 φήμη,
1386 1217 1631 1301 λαμπρυνούσης
1652 1220 1706 1280 τόν
1728 1220 1864 1302 ἐργάτην
1885 1223 1939 1302 τής

344 1318 455 1404 α’ρετής
479 1325 532 1381 καὶ
555 1319 667 1401 (ὅσπερ
691 1322 789 1400 νόμος
812 1319 906 1408 αὐτῇ)
935 1321 988 1382 ἐπὶ
1016 1324 1098 1401 μέγα
1133 1319 1229 1403 δόξης
1258 1321 1416 1402 αίρούσης.
1506 1319 1585 1395 37οίς
1606 1321 1757 1403 τοσαύτην
1779 1323 1862 1384 αίδιῦ
1885 1328 1938 1385 καὶ

343 1426 434 1506 τιμήν
457 1429 529 1503 περὶ
550 1423 605 1485 τδν
628 1424 721 1497 άγιον
742 1424 934 1504 ἐνεποίησεν,
966 1422 1010 1497 ιῦς
1036 1424 1076 1486 τά
1105 1447 1135 1486 τε
1164 1423 1249 1486 ἄλλα
1280 1427 1438 1505 κρείττονα
1468 1423 1588 1498 τούτοις
1610 1427 1630 1506 ή
1651 1429 1731 1487 κατά
1755 1428 1938 1508 άνθρωπον

343 1530 539 1608 νομισθῆναι
562 1529 616 1588 τόν
638 1528 762 1609 α’νδρα,
796 1532 850 1589 καὶ
872 1528 905 1589 τῦ
929 1530 1022 1590 θεῖον
1043 1528 1135 1611 ε”ργον
1157 1526 1269 1602 αὐτοῦ,
1300 1531 1333 1589 τό
1366 1530 1478 1590 καινδν
1506 1534 1593 1593 τοῦτο
1626 1528 1707 1604 λέγω
1740 1534 1793 1590 καὶ
1823 1533 1937 1593 σεπτὸν

345 1630 594 1712 φροντιστήριον,
616 1629 781 1712 βασιλικῆς
803 1635 957 1710 προνοίας
978 1643 1089 1711 τυχεῖν,
1114 1633 1194 1713 πρός
1215 1655 1245 1693 τε
1267 1634 1322 1714 τήν
1346 1632 1497 1716 δαπάνην
1519 1636 1749 1715 συναιρομένης
1772 1639 1825 1695 καὶ
1849 1635 1937 1697 άπο-

344 1738 464 1818 τροπήν
487 1734 570 1819 αὐτῷ
593 1734 808 1818 βραβευούσης
829 1735 950 1818 βάρους
974 1735 1104 1809 παντός,
1129 1736 1251 1819 δηλαδή
1274 1738 1336 1797 τῶν
1359 1737 1485 1812 ἔξωθεν
1507 1741 1633 1811 τούτων,
1663 1735 1709 1810 οίς
1731 1738 1781 1799 δεῖ
1804 1745 1857 1800 καὶ
1879 1743 1937 1801 νῦν

343 1838 480 1917 μάλιστα
510 1843 547 1899 τά
580 1838 685 1900 πάντα
709 1835 847 1899 δονεῖται
875 1842 929 1898 καὶ
960 1838 1001 1900 δι’
1025 1834 1071 1899 τόν
1094 1837 1111 1920 ή
1135 1838 1330 1921 α’νθρωπίνη
1353 1839 1412 1922 ζωή
1448 1841 1536 1921 παρά
1567 1842 1619 1922 τῆς
1649 1840 1798 1924 ἐπηρείας
1821 1842 1938 1923 λυμαί-

345 1964 440 2006 νεται.
530 1938 611 2014 88είς
631 1943 774 2005 τοσοῦτον
795 1943 955 2019 μεγέθους
978 1941 1062 2023 ήρθη
1086 1946 1139 2002 καί
1162 1942 1333 2020 θαύματος
1354 1940 1372 2024 ἦ
1398 1940 1479 2018 δόξα
1502 1945 1565 2004 τῶν
1587 1946 1641 2007 τοῦ
1662 1946 1802 2023 μεγάλου
1826 1968 1937 2028 κατορ-

344 2045 518 2127 θωμάτων,
541 2050 595 2107 καὶ
618 2044 713 2116 οὕτως
736 2043 753 2106 ὁ
776 2047 844 2123 βίος
868 2043 952 2128 αὐτῷ
973 2045 1018 2116 είς
1041 2045 1151 2106 πάσαν
1173 2049 1285 2125 μικροῦ
1307 2046 1362 2125 τήν
1384 2045 1573 2128 οίκουμένην
1594 2046 1790 2131 ἐξέλαμψεν.

432 2146 591 2220 39οίοςδὲ
607 2153 659 2208 καί
676 2146 693 2210 δ
712 2147 857 2221 θάνατος
880 2149 921 2229 (τί
942 2150 1003 2227 γάρ
1021 2151 1064 2208 ἄν
1077 2152 1321 2230 παρατείνοιμεν
1343 2149 1396 2210 ἐπὶ
1419 2148 1519 2210 πλέον
1540 2152 1595 2210 τόν
1617 2149 1761 2236 λόγονγ),
1787 2151 1829 2225 ὥς
1853 2155 1937 2214 θαυ-

343 2250 462 2333 μαστός
473 2257 515 2336 τῷ
527 2252 594 2313 ὄντι
606 2250 761 2325 κάκεῖνος,
778 2258 830 2310 καὶ
844 2251 987 2335 τοιαύτης
1001 2251 1079 2334 ζωής
1097 2250 1139 2324 οῦς
1151 2250 1284 2333 άληθῶς
1296 2252 1400 2325 άξιος·
1422 2251 1550 2332 ἐνεργὸν
1566 2252 1736 2318 κάνταῦθα
1751 2262 1783 2317 τῦ
1796 2256 1936 2336 χάρισμα

343 2362 379 2446 τή
392 2357 622 2440 κεχαριτωμένη
640 2356 739 2441 ψυχή,
757 2358 853 2436 μήπω
868 2358 944 2430 γοῦν
959 2356 1043 2427 τινός
1060 2374 1063 2439 η
1083 2353 1257 2433 α’νωμάλου
1272 2356 1306 2415 τό
1325 2359 1417 2434 στῦμα
1434 2356 1706 2436 παρενοχλοῦντος
1717 2358 1791 2442 μηδ’
1857 2361 1935 2424 316¹

344 2463 450 2540 ἴχνους
472 2459 635 2539 μαλακίας
657 2454 896 2540 ὑποφανέντος,
928 2456 1021 2531 αέτός
1049 2457 1124 2519 ῦσον
1148 2458 1238 2519 οῦπω
1262 2460 1316 2540 τήν
1338 2456 1479 2540 τελευτήν
1502 2457 1589 2541 αδτρῦ
1611 2473 1764 2541 προεῖπεν
1785 2461 1934 2539 ἐγγίζειν·

344 2563 434 2646 η’ξίου
458 2564 496 2645 δή
520 2567 574 2625 καὶ
596 2562 689 2634 αι’·τός
711 2563 744 2624 τό
768 2559 946 2640 ἐπιβάλλον
967 2565 1073 2642 μέρος,
1096 2563 1183 2640 εἴπερ
1204 2584 1246 2636 τι,
1286 2563 1345 2622 ττῦν
1369 2564 1403 2651 τῇ
1425 2566 1507 2649 μονή
1531 2567 1714 2644 προσόντων
1736 2566 1936 2646 μεταλαβεῖν,

344 2669 386 2728 ἵν’
409 2664 546 2748 ἐφόδιον
576 2667 702 2749 (φησίν)
731 2665 832 2743 ε”χοιμι
863 2667 943 2744 πρός
973 2669 1026 2747 τήν
1056 2665 1122 2726 ἐκεῖ
1153 2669 1324 2745 μετοικίαν.
1360 2667 1436 2744 ταχτ)
1468 2665 1503 2728 δὲ
1536 2670 1599 2728 τοῦν
1631 2668 1774 2751 πενήτων
1807 2670 1936 2733 ἐκείνων

344 2771 505 2833 πλουσίων
531 2771 577 2843 είς
605 2772 703 2848 μέσον
733 2773 770 2830 τά
800 2769 906 2831 πάντα
935 2769 1114 2849 προθύμως
1145 2773 1399 2844 συνενεγκάντων
1429 2768 1523 2852 (οὕτω
1550 2773 1611 2851 γάρ
1643 2775 1723 2850 πρός
1750 2771 1936 2838 εὐπείθειαν

344 2872 426 2956 ἦσαν
448 2872 501 2936 ὑπ’
524 2874 645 2936 ἐκείνου
668 2873 772 2937 πάλαι
794 2875 1070 2955 γεγυμνασμένοι),
1092 2871 1228 2956 διεδόθη
1250 2876 1329 2934 κατὰ
1350 2871 1494 2954 σπουδήν
1516 2883 1579 2945 τοῖς
1602 2879 1772 2955 περιοίκοις
1794 2881 1831 2938 τά
1855 2876 1938 2958 πρὸς

344 2975 499 3060 ήμίσειαν.
521 2975 722 3040 εὐτελέστατα
746 2974 773 3038 δ’
799 2977 878 3059 ήσαν
900 2975 951 3039 σία
975 2976 1058 3050 εἰκὸς
1079 2981 1133 3038 καὶ
1150 2976 1338 3057 φαυλότατα
1359 2978 1460 3059 πάντη
1476 2977 1682 3057 σκεπάσματα
1706 2983 1759 3040 καί
1775 2979 1936 3062 σκευάρια,

344 3081 477 3144 κάκεῖνα
500 3085 580 3162 πρὸς
603 3078 765 3162 ὑποδοχήν
789 3086 843 3142 καί
865 3082 1047 3162 θεραπείαν
1069 3082 1169 3155 ξένων
1191 3078 1413 3162 α’φωρισμένα.
1448 3080 1490 3141 ἔτι
1518 3079 1554 3142 δὲ
1577 3085 1629 3142 καὶ
1658 3082 1719 3143 όσα
1742 3086 1805 3144 τῶν
1833 3082 1937 3160 άναγ-

344 3190 446 3249 καίων
468 3186 512 3259 είς
534 3184 723 3267 α’ποτροφήν
744 3184 850 3256 αῦτοῖς
874 3185 1100 3263 προαπέκειτο·
1124 3188 1178 3244 καὶ
1199 3183 1216 3245 ό
1240 3183 1441 3266 φιλόπτωχος
1462 3184 1548 3263 ὅμως
1570 3182 1645 3250 οῦδὲ
1667 3186 1783 3250 τούτων
1806 3186 1937 3270 άπήλθε

344 3293 425 3370 πρός
447 3290 536 3353 ἐλεον
559 3287 780 3371 ἀκοινώνητος.
876 3288 903 3324 ⁴⁰
914 3297 993 3366 τρεῖς
1021 3287 1171 3349 ἐντεῦθεν
1202 3285 1332 3370 ἡμέραι,
1362 3290 1416 3346 καὶ
1446 3283 1586 3359 α’ναστάς
1615 3292 1833 3372 πρωίαίτερον,
1866 3292 1939 3365 τούς

344 3394 502 3464 οίκίσκους
522 3395 643 3481 περιήει
665 3396 727 3455 ττῦν
750 3389 913 3472 άδελφοῦν,
944 3387 1025 3467 ὁμοῦ
1056 3413 1085 3451 τε
1115 3391 1185 3451 καί*
1217 3392 1282 3451 κατ’
1307 3389 1395 3450 ἰδίαν
1416 3387 1615 3468 ἐντυγχάνων
1638 3389 1746 3465 αὐτοῖς
1769 3398 1823 3454 καὶ
1845 3392 1936 3474 παρά

344 3499 416 3571 τούς
439 3498 545 3570 πόδας
567 3496 689 3575 ἑκάστῳ
712 3495 1022 3576 προκυλινδοτίμενος
1045 3491 1062 3554 ό
1085 3495 1181 3565 τόπος
1198 3496 1201 3579 ff
1218 3500 1270 3575 τής
1285 3494 1382 3565 ὅντως
1398 3489 1560 3575 ύψοποιοῦ
1576 3495 1792 3569 ταπεινώσεως
1858 3496 1938 3562 316²

345 3599 439 3685 εδχήν
462 3603 551 3680 παρά
575 3601 705 3662 πάντων
728 3605 781 3660 καί
804 3594 989 3680 συγγντόμην
1012 3598 1075 3682 ήτει
1097 3600 1158 3658 τῶν
1181 3598 1406 3676 ἐπταισμένων.
1430 3599 1493 3657 τῶν
1516 3596 1551 3658 δέ
1574 3597 1632 3662 σύν
1653 3599 1744 3661 αίδοῖ
1763 3601 1799 3688 τή
1822 3618 1938 3683 προση-

345 3705 443 3793 κούση
478 3710 532 3766 καὶ
559 3702 709 3783 εὐλαβείᾳ
739 3701 794 3765 τόν
824 3705 946 3782 πατέρα
976 3701 1192 3783 περιεπόντων
1222 3699 1403 3779 άσπασμοῖς
1434 3722 1463 3760 τε
1493 3706 1545 3760 καὶ
1569 3698 1704 3781 δάκρυσι
1727 3707 1781 3763 καὶ
1802 3713 1871 3776 ταῖς
1892 3704 1938 3777 είς

346 3800 505 3894 ἐδαφος’ἰο
535 3806 803 3870 άντικατακλίσεσι
836 3805 868 3868 τύ
899 3805 985 3876 είκδς
1011 3805 1264 3888 ἐκπληρούντων,
1296 3801 1313 3887 ἡ
1338 3809 1516 3887 μεσημβρία
1545 3805 1724 3888 παρῆλθεν.
1813 3806 1938 3869 Ηένθα

345 3914 385 3997 δή
407 3913 546 3993 μάλιστα
578 3910 675 3985 πολύς
703 3934 747 3984 τις
777 3910 794 3973 ύ
824 3908 1031 3992 φιλόστοργος
1064 3905 1112 3990 ήν,
1144 3911 1263 3992 τροφῆς
1292 3919 1457 3988 μετασχεῖν
1486 3910 1687 3989 παρακαλῶν
1707 3912 1850 3988 ἕκαστον,
1885 3916 1939 3971 καὶ

345 4017 448 4093 α’ξιοῦν
477 4018 519 4100 μή
550 4016 740 4094 συγκάμνειν
771 4014 824 4076 ἐπί
856 4012 955 4076 πλέον
983 4009 1069 4096 αύτῷ
1099 4010 1142 4084 τίς
1174 4009 1230 4077 ούκ
1253 4013 1297 4074 ότι
1319 4017 1391 4092 περὶ
1413 4014 1450 4074 τά
1474 4015 1565 4074 κοινά
1589 4015 1778 4096 πονουμένῳ
1801 4015 1880 4075 κατά
1903 4017 1936 4075 τό

346 4123 442 4196 ἔθος,
474 4119 559 4181 άλλὰ
592 4122 648 4181 νῦν
676 4139 710 4194 γε
741 4122 812 4200 περὶ
834 4119 868 4180 τό
892 4117 976 4179 ίόιον
998 4113 1183 4191 άναγκαίως
1206 4114 1432 4201 αόχολουμένῳ
1455 4121 1508 4178 καὶ
1529 4122 1572 4199 μή
1595 4116 1734 4195 διοχλεῖν
1754 4118 1938 4202 βουλομένῳ

345 4228 417 4298 τοῦς
439 4225 572 4296 ολκείους
600 4223 645 4296 είς
676 4224 712 4284 τά
741 4221 851 4285 οίκεῖα.
940 4219 1006 4283 ⁴²02
1032 4223 1092 4300 μὲν
1123 4218 1181 4281 οῦν
1210 4217 1356 4298 ἀντεῖχον
1386 4218 1620 4302 δυσφοροῦντες
1648 4220 1702 4282 ἐπὶ
1731 4219 1816 4282 πολύ
1825 4268 1835 4294 ,
1868 4217 1885 4281 ό
1910 4219 1939 4281 δ’

344 4331 479 4393 ἐνέκειτο
502 4326 602 4390 πλέον
624 4324 855 4406 ἐκβιαζόμενος,
877 4327 936 4396 ἐως
958 4325 1068 4386 πάντα
1091 4325 1234 4388 ποιοῦντι
1254 4320 1370 4402 μικρόν
1390 4347 1418 4384 τι
1434 4326 1721 4407 παραχωρήσαντες
1738 4322 1940 4403 συνέδραμον

345 4432 443 4508 αὖθις
465 4435 541 4512 μετὰ
566 4429 707 4511 σπουδής
731 4431 820 4511 παρὰ
835 4431 941 4511 χρῆμα
965 4431 1017 4488 καί
1033 4427 1266 4507 καταλαβόντες
1280 4429 1334 4488 τόν
1350 4423 1442 4503 ἅγιον
1457 4427 1668 4510 ἐκτενέστερον
1684 4427 1940 4510 προσευχόμενον

345 4539 570 4618 διατραπέντες
584 4534 769 4617 ἐπέστησαν,
793 4535 884 4615 ἄχρις
900 4532 972 4595 ὅτου
986 4536 1061 4595 ποτὲ
1076 4539 1128 4615 τής
1139 4529 1231 4614 εδχής
1244 4530 1364 4603 ἐκεῖνος
1380 4533 1596 4612 παυσάμενος,
1619 4535 1688 4606 τοῦς
1709 4536 1768 4611 μέν
1788 4532 1939 4611 ἐπέτρεπε

346 4642 499 4727 ψάλλειν,
528 4639 623 4713 αῦτδς
652 4639 680 4700 δ’
713 4635 903 4709 άνακλιθελς
930 4639 998 4709 ποῦς
1028 4638 1071 4697 άν
1099 4638 1184 4698 εἴποι
1210 4658 1255 4709 τις
1277 4634 1380 4717 η’ρέμα
1403 4640 1456 4697 καὶ
1479 4639 1643 4718 προσηνοῦς
1666 4641 1719 4698 καί
1741 4639 1811 4710 τοὺς
1833 4635 1940 4710 πόδας

344 4748 480 4827 ἐξάρας,
509 4745 545 4807 ἐν
567 4742 675 4829 εἰρήνη
699 4742 777 4802 κατὰ
800 4742 834 4803 τό
856 4741 1093 4820 γεγραμμένον*
1115 4738 1276 4824 ἐκοιμήθη
1299 4746 1351 4802 καὶ
1374 4741 1538 4825 ῦήπνωσεν,
1561 4741 1663 4806 ύπνον
1686 4741 1793 4815 ὄντας,
1859 4741 1940 4806 317¹

418 4886 445 4935 35
468 4866 560 4921 Psalm
579 4883 607 4935 ρε
628 4865 709 4932 τΙςο
727 4861 772 4914 καί
792 4878 836 4916 om
856 4862 898 4927 0¹,
916 4862 972 4916 add
991 4861 1026 4917 θ’
1046 4864 1050 4927 ί
1070 4882 1101 4927 4τ
1120 4860 1211 4917 Genea
1228 4881 1268 4929 49,
1287 4881 1315 4930 χχ

1578 4974 1623 5036 28
