<?xml version="1.0" encoding="UTF-8"?>
<!DOCTYPE html PUBLIC "-//W3C//DTD XHTML 1.0 Transitional//EN"
    "http://www.w3.org/TR/xhtml1/DTD/xhtml1-transitional.dtd">
<html xmlns="http://www.w3.org/1999/xhtml" xml:lang="en" lang="en">
 <head>
  <title>
</title>
<meta http-equiv="Content-Type" content="text/html;charset=utf-8" />
  <meta name='ocr-system' content='tesseract 3.04.00' />
  <meta name='ocr-capabilities' content='ocr_page ocr_carea ocr_par ocr_line ocrx_word'/>
</head>
<body>
  <div class='ocr_page' id='page_1' title='image "./iohanniseuchait00vatigoog_0204.png"; bbox 0 0 4560 6172; ppageno 0'>
   <div class='ocr_carea' id='block_1_1' title="bbox 357 539 1917 614">
    <p class='ocr_par' dir='ltr' id='par_1_1' title="bbox 357 539 1917 614">
     <span class='ocr_line' id='line_1_1' title="bbox 357 539 1917 614; baseline -0.002 -5"><span class='ocrx_word' id='word_1_1' title='bbox 357 543 439 614; x_wconf 72' lang='lat'><strong><em>1811</em></strong></span> <span class='ocrx_word' id='word_1_2' title='bbox 1857 539 1917 606; x_wconf 81' lang='lat'><strong><em>161</em></strong></span> 
     </span>
    </p>
   </div>
   <div class='ocr_carea' id='block_1_2' title="bbox 256 705 1967 5054">
    <p class='ocr_par' dir='ltr' id='par_1_2' title="bbox 343 705 1920 1521">
     <span class='ocr_line' id='line_1_2' title="bbox 344 705 1919 794; baseline -0.004 -20"><span class='ocrx_word' id='word_1_3' title='bbox 344 717 379 774; x_wconf 79' lang='grc' dir='ltr'><strong><em>το</em></strong></span> <span class='ocrx_word' id='word_1_4' title='bbox 393 714 465 793; x_wconf 72' lang='grc' dir='ltr'><strong><em>περὶ</em></strong></span> <span class='ocrx_word' id='word_1_5' title='bbox 478 711 535 783; x_wconf 85' lang='grc' dir='ltr'><strong><em>τάς</em></strong></span> <span class='ocrx_word' id='word_1_6' title='bbox 549 705 744 785; x_wconf 68' lang='grc' dir='ltr'><strong><em>ἀναγνώσεις</em></strong></span> <span class='ocrx_word' id='word_1_7' title='bbox 757 707 945 786; x_wconf 80' lang='grc' dir='ltr'><strong><em>φιλόπονον,</em></strong></span> <span class='ocrx_word' id='word_1_8' title='bbox 968 709 1001 773; x_wconf 80' lang='grc' dir='ltr'><strong><em>τό</em></strong></span> <span class='ocrx_word' id='word_1_9' title='bbox 1013 708 1093 791; x_wconf 89' lang='grc' dir='ltr'><strong><em>πρδς</em></strong></span> <span class='ocrx_word' id='word_1_10' title='bbox 1107 706 1266 792; x_wconf 89' lang='grc' dir='ltr'><strong><em>άλλῆλους</em></strong></span> <span class='ocrx_word' id='word_1_11' title='bbox 1280 710 1492 794; x_wconf 68' lang='grc' dir='ltr'><strong><em>φιλάδελφον,</em></strong></span> <span class='ocrx_word' id='word_1_12' title='bbox 1514 713 1547 774; x_wconf 85' lang='grc' dir='ltr'><strong><em>τὸ</em></strong></span> <span class='ocrx_word' id='word_1_13' title='bbox 1562 710 1755 792; x_wconf 88' lang='grc' dir='ltr'><strong><em>φιλομαθές,</em></strong></span> <span class='ocrx_word' id='word_1_14' title='bbox 1775 712 1809 772; x_wconf 86' lang='grc' dir='ltr'><strong><em>τδ</em></strong></span> <span class='ocrx_word' id='word_1_15' title='bbox 1826 709 1919 792; x_wconf 80' lang='grc' dir='ltr'><strong><em>φιλό-</em></strong></span> 
     </span>
     <span class='ocr_line' id='line_1_3' title="bbox 343 811 1920 900; baseline -0.001 -20"><span class='ocrx_word' id='word_1_16' title='bbox 343 816 450 894; x_wconf 85' lang='grc' dir='ltr'><strong><em>λογον,</em></strong></span> <span class='ocrx_word' id='word_1_17' title='bbox 471 816 527 897; x_wconf 90' lang='grc' dir='ltr'><strong><em>τῆν</em></strong></span> <span class='ocrx_word' id='word_1_18' title='bbox 540 811 721 894; x_wconf 73' lang='grc' dir='ltr'><strong><em>εὐρυθμίαν</em></strong></span> <span class='ocrx_word' id='word_1_19' title='bbox 731 815 786 897; x_wconf 86' lang='grc' dir='ltr'><strong><em>τῆν</em></strong></span> <span class='ocrx_word' id='word_1_20' title='bbox 801 813 838 877; x_wconf 87' lang='grc' dir='ltr'><strong><em>ἐν</em></strong></span> <span class='ocrx_word' id='word_1_21' title='bbox 851 823 916 889; x_wconf 85' lang='grc' dir='ltr'><strong><em>τοῖς</em></strong></span> <span class='ocrx_word' id='word_1_22' title='bbox 930 813 1061 895; x_wconf 84' lang='grc' dir='ltr'><strong><em>ᾄσμασι,</em></strong></span> <span class='ocrx_word' id='word_1_23' title='bbox 1082 819 1137 897; x_wconf 87' lang='grc' dir='ltr'><strong><em>τῆν</em></strong></span> <span class='ocrx_word' id='word_1_24' title='bbox 1150 816 1270 900; x_wconf 84' lang='grc' dir='ltr'><strong><em>τέχνην,</em></strong></span> <span class='ocrx_word' id='word_1_25' title='bbox 1287 817 1341 900; x_wconf 86' lang='grc' dir='ltr'><strong><em>τῆν</em></strong></span> <span class='ocrx_word' id='word_1_26' title='bbox 1355 813 1501 899; x_wconf 78' lang='grc' dir='ltr'><strong><em>εύφυλαν,</em></strong></span> <span class='ocrx_word' id='word_1_27' title='bbox 1516 814 1573 896; x_wconf 87' lang='grc' dir='ltr'><strong><em>τῆν</em></strong></span> <span class='ocrx_word' id='word_1_28' title='bbox 1584 812 1664 894; x_wconf 91' lang='grc' dir='ltr'><strong><em>πρός</em></strong></span> <span class='ocrx_word' id='word_1_29' title='bbox 1678 837 1709 878; x_wconf 87' lang='grc' dir='ltr'><strong><em>τε</em></strong></span> <span class='ocrx_word' id='word_1_30' title='bbox 1722 816 1760 877; x_wconf 88' lang='grc' dir='ltr'><strong><em>τά</em></strong></span> <span class='ocrx_word' id='word_1_31' title='bbox 1771 814 1851 898; x_wconf 83' lang='grc' dir='ltr'><strong><em>μέλη</em></strong></span> <span class='ocrx_word' id='word_1_32' title='bbox 1864 819 1920 878; x_wconf 81' lang='grc' dir='ltr'><strong><em>καί</em></strong></span> 
     </span>
     <span class='ocr_line' id='line_1_4' title="bbox 346 917 1917 1006; baseline -0.001 -24"><span class='ocrx_word' id='word_1_33' title='bbox 346 920 427 1004; x_wconf 82' lang='grc' dir='ltr'><strong><em>πρός</em></strong></span> <span class='ocrx_word' id='word_1_34' title='bbox 440 917 478 982; x_wconf 78' lang='grc' dir='ltr'><strong><em>οδ</em></strong></span> <span class='ocrx_word' id='word_1_35' title='bbox 491 917 574 981; x_wconf 85' lang='grc' dir='ltr'><strong><em>καλά</em></strong></span> <span class='ocrx_word' id='word_1_36' title='bbox 590 920 790 1001; x_wconf 75' lang='grc' dir='ltr'><strong><em>συμφωνίαν,</em></strong></span> <span class='ocrx_word' id='word_1_37' title='bbox 811 923 866 981; x_wconf 86' lang='grc' dir='ltr'><strong><em>ίνοι</em></strong></span> <span class='ocrx_word' id='word_1_38' title='bbox 881 923 936 981; x_wconf 79' lang='grc' dir='ltr'><strong><em>καὶ</em></strong></span> <span class='ocrx_word' id='word_1_39' title='bbox 945 918 1070 1006; x_wconf 80' lang='grc' dir='ltr'><strong><em>γλιόσση</em></strong></span> <span class='ocrx_word' id='word_1_40' title='bbox 1090 922 1144 980; x_wconf 83' lang='grc' dir='ltr'><strong><em>καί</em></strong></span> <span class='ocrx_word' id='word_1_41' title='bbox 1157 919 1266 1006; x_wconf 86' lang='grc' dir='ltr'><strong><em>γνιόμη</em></strong></span> <span class='ocrx_word' id='word_1_42' title='bbox 1280 922 1335 1004; x_wconf 84' lang='grc' dir='ltr'><strong><em>τῆν</em></strong></span> <span class='ocrx_word' id='word_1_43' title='bbox 1348 918 1478 1002; x_wconf 75' lang='grc' dir='ltr'><strong><em>ἑνότητα</em></strong></span> <span class='ocrx_word' id='word_1_44' title='bbox 1488 920 1540 1000; x_wconf 88' lang='grc' dir='ltr'><strong><em>τῆς</em></strong></span> <span class='ocrx_word' id='word_1_45' title='bbox 1553 919 1682 992; x_wconf 78' lang='grc' dir='ltr'><strong><em>πίστεως</em></strong></span> <span class='ocrx_word' id='word_1_46' title='bbox 1694 919 1917 1002; x_wconf 80' lang='grc' dir='ltr'><strong><em>παραστῆσητε,</em></strong></span> 
     </span>
     <span class='ocr_line' id='line_1_5' title="bbox 345 1018 1918 1106; baseline -0.001 -20"><span class='ocrx_word' id='word_1_47' title='bbox 345 1021 402 1104; x_wconf 69' lang='grc' dir='ltr'><strong><em>τῆν</em></strong></span> <span class='ocrx_word' id='word_1_48' title='bbox 414 1024 525 1086; x_wconf 84' lang='grc' dir='ltr'><strong><em>πάσαν</em></strong></span> <span class='ocrx_word' id='word_1_49' title='bbox 538 1021 765 1105; x_wconf 70' lang='grc' dir='ltr'><strong><em>ἐμπρέπουσαν</em></strong></span> <span class='ocrx_word' id='word_1_50' title='bbox 780 1022 865 1085; x_wconf 75' lang='grc' dir='ltr'><strong><em>αίδά</em></strong></span> <span class='ocrx_word' id='word_1_51' title='bbox 879 1028 932 1085; x_wconf 76' lang='grc' dir='ltr'><strong><em>καὶ</em></strong></span> <span class='ocrx_word' id='word_1_52' title='bbox 947 1021 1128 1106; x_wconf 87' lang='grc' dir='ltr'><strong><em>σεμνότητα,</em></strong></span> <span class='ocrx_word' id='word_1_53' title='bbox 1141 1021 1178 1087; x_wconf 88' lang='grc' dir='ltr'><strong><em>ού</em></strong></span> <span class='ocrx_word' id='word_1_54' title='bbox 1188 1033 1250 1096; x_wconf 84' lang='grc' dir='ltr'><strong><em>τοῖς</em></strong></span> <span class='ocrx_word' id='word_1_55' title='bbox 1260 1027 1315 1087; x_wconf 81' lang='grc' dir='ltr'><strong><em>τοῦ</em></strong></span> <span class='ocrx_word' id='word_1_56' title='bbox 1329 1023 1467 1105; x_wconf 75' lang='grc' dir='ltr'><strong><em>βῆματος</em></strong></span> <span class='ocrx_word' id='word_1_57' title='bbox 1477 1023 1577 1102; x_wconf 91' lang='grc' dir='ltr'><strong><em>μόνον</em></strong></span> <span class='ocrx_word' id='word_1_58' title='bbox 1587 1018 1653 1085; x_wconf 79' lang='grc' dir='ltr'><strong><em>οὐδ’</em></strong></span> <span class='ocrx_word' id='word_1_59' title='bbox 1664 1020 1733 1085; x_wconf 86' lang='grc' dir='ltr'><strong><em>ὅσοι</em></strong></span> <span class='ocrx_word' id='word_1_60' title='bbox 1744 1024 1806 1084; x_wconf 84' lang='grc' dir='ltr'><strong><em>τάν</em></strong></span> <span class='ocrx_word' id='word_1_61' title='bbox 1818 1018 1918 1098; x_wconf 82' lang='grc' dir='ltr'><strong><em>άγίον</em></strong></span> 
     </span>
     <span class='ocr_line' id='line_1_6' title="bbox 344 1120 1916 1213; baseline -0.001 -24"><span class='ocrx_word' id='word_1_62' title='bbox 344 1124 470 1191; x_wconf 73' lang='grc' dir='ltr'><strong><em>άδύοαν</em></strong></span> <span class='ocrx_word' id='word_1_63' title='bbox 489 1125 666 1213; x_wconf 84' lang='grc' dir='ltr'><strong><em>ἐπιβαίνειν</em></strong></span> <span class='ocrx_word' id='word_1_64' title='bbox 688 1125 826 1209; x_wconf 83' lang='grc' dir='ltr'><strong><em>ῆξίιοσθε</em></strong></span> <span class='ocrx_word' id='word_1_65' title='bbox 847 1120 951 1212; x_wconf 82' lang='grc' dir='ltr'><strong><em>(ῆττον</em></strong></span> <span class='ocrx_word' id='word_1_66' title='bbox 971 1124 1033 1205; x_wconf 82' lang='grc' dir='ltr'><strong><em>γάρ</em></strong></span> <span class='ocrx_word' id='word_1_67' title='bbox 1062 1129 1104 1188; x_wconf 87' lang='grc' dir='ltr'><strong><em>άν</em></strong></span> <span class='ocrx_word' id='word_1_68' title='bbox 1125 1124 1163 1209; x_wconf 89' lang='grc' dir='ltr'><strong><em>ῆν</em></strong></span> <span class='ocrx_word' id='word_1_69' title='bbox 1183 1132 1217 1190; x_wconf 88' lang='grc' dir='ltr'><strong><em>τδ</em></strong></span> <span class='ocrx_word' id='word_1_70' title='bbox 1240 1125 1341 1190; x_wconf 80' lang='grc' dir='ltr'><strong><em>καλὸν</em></strong></span> <span class='ocrx_word' id='word_1_71' title='bbox 1356 1129 1544 1207; x_wconf 80' lang='grc' dir='ltr'><strong><em>θαυμαστόν</em></strong></span> <span class='ocrx_word' id='word_1_72' title='bbox 1559 1123 1601 1199; x_wconf 78' lang='grc' dir='ltr'><strong><em>ὥς</em></strong></span> <span class='ocrx_word' id='word_1_73' title='bbox 1615 1129 1669 1188; x_wconf 79' lang='grc' dir='ltr'><strong><em>καί</em></strong></span> <span class='ocrx_word' id='word_1_74' title='bbox 1682 1123 1916 1210; x_wconf 87' lang='grc' dir='ltr'><strong><em>δφειλόμενον),</em></strong></span> 
     </span>
     <span class='ocr_line' id='line_1_7' title="bbox 345 1225 1918 1316; baseline -0.002 -24"><span class='ocrx_word' id='word_1_75' title='bbox 345 1229 430 1293; x_wconf 85' lang='grc' dir='ltr'><strong><em>άλλδ</em></strong></span> <span class='ocrx_word' id='word_1_76' title='bbox 453 1230 491 1312; x_wconf 86' lang='grc' dir='ltr'><strong><em>δῆ</em></strong></span> <span class='ocrx_word' id='word_1_77' title='bbox 514 1232 569 1292; x_wconf 83' lang='grc' dir='ltr'><strong><em>καί</em></strong></span> <span class='ocrx_word' id='word_1_78' title='bbox 589 1240 654 1304; x_wconf 84' lang='grc' dir='ltr'><strong><em>τοῖς</em></strong></span> <span class='ocrx_word' id='word_1_79' title='bbox 674 1229 808 1306; x_wconf 83' lang='grc' dir='ltr'><strong><em>ἔξωθεν,</em></strong></span> <span class='ocrx_word' id='word_1_80' title='bbox 830 1234 884 1292; x_wconf 77' lang='grc' dir='ltr'><strong><em>κοιλ</em></strong></span> <span class='ocrx_word' id='word_1_81' title='bbox 904 1230 1019 1294; x_wconf 87' lang='grc' dir='ltr'><strong><em>τούτοιν</em></strong></span> <span class='ocrx_word' id='word_1_82' title='bbox 1033 1232 1090 1309; x_wconf 83' lang='grc' dir='ltr'><strong><em>οὐχ</em></strong></span> <span class='ocrx_word' id='word_1_83' title='bbox 1104 1228 1215 1304; x_wconf 82' lang='grc' dir='ltr'><strong><em>άπλάς</em></strong></span> <span class='ocrx_word' id='word_1_84' title='bbox 1233 1241 1297 1304; x_wconf 88' lang='grc' dir='ltr'><strong><em>τοῖς</em></strong></span> <span class='ocrx_word' id='word_1_85' title='bbox 1311 1230 1346 1294; x_wconf 93' lang='grc' dir='ltr'><strong><em>ἐν</em></strong></span> <span class='ocrx_word' id='word_1_86' title='bbox 1361 1230 1475 1316; x_wconf 73' lang='grc' dir='ltr'><strong><em>κλῆριμ,</em></strong></span> <span class='ocrx_word' id='word_1_87' title='bbox 1495 1228 1581 1293; x_wconf 80' lang='grc' dir='ltr'><strong><em>άλλδ</em></strong></span> <span class='ocrx_word' id='word_1_88' title='bbox 1593 1231 1699 1309; x_wconf 87' lang='grc' dir='ltr'><strong><em>μέντοι</em></strong></span> <span class='ocrx_word' id='word_1_89' title='bbox 1713 1233 1767 1289; x_wconf 84' lang='grc' dir='ltr'><strong><em>καί</em></strong></span> <span class='ocrx_word' id='word_1_90' title='bbox 1777 1225 1855 1291; x_wconf 84' lang='grc' dir='ltr'><strong><em>ὅσον</em></strong></span> <span class='ocrx_word' id='word_1_91' title='bbox 1865 1230 1918 1311; x_wconf 87' lang='grc' dir='ltr'><strong><em>τῆς</em></strong></span> 
     </span>
     <span class='ocr_line' id='line_1_8' title="bbox 346 1323 1917 1420; baseline 0.001 -24"><span class='ocrx_word' id='word_1_92' title='bbox 346 1336 496 1418; x_wconf 89' lang='grc' dir='ltr'><strong><em>κοσμικῆς</em></strong></span> <span class='ocrx_word' id='word_1_93' title='bbox 515 1333 643 1414; x_wconf 91' lang='grc' dir='ltr'><strong><em>μερίδος</em></strong></span> <span class='ocrx_word' id='word_1_94' title='bbox 664 1339 716 1395; x_wconf 70' lang='grc' dir='ltr'><strong><em>καὶ</em></strong></span> <span class='ocrx_word' id='word_1_95' title='bbox 739 1332 920 1420; x_wconf 69' lang='grc' dir='ltr'><strong><em>καῆτωτέρω,</em></strong></span> <span class='ocrx_word' id='word_1_96' title='bbox 942 1332 1028 1408; x_wconf 83' lang='grc' dir='ltr'><strong><em>τάξει</em></strong></span> <span class='ocrx_word' id='word_1_97' title='bbox 1048 1323 1176 1418; x_wconf 66' lang='grc' dir='ltr'><strong><em>μόνιμ“’ο</em></strong></span> <span class='ocrx_word' id='word_1_98' title='bbox 1197 1338 1251 1396; x_wconf 82' lang='grc' dir='ltr'><strong><em>καὶ</em></strong></span> <span class='ocrx_word' id='word_1_99' title='bbox 1272 1335 1403 1418; x_wconf 87' lang='grc' dir='ltr'><strong><em>σχῆματι</em></strong></span> <span class='ocrx_word' id='word_1_100' title='bbox 1425 1337 1478 1418; x_wconf 93' lang='grc' dir='ltr'><strong><em>τῆς</em></strong></span> <span class='ocrx_word' id='word_1_101' title='bbox 1498 1330 1663 1417; x_wconf 73' lang='grc' dir='ltr'><strong><em>λερατέρας</em></strong></span> <span class='ocrx_word' id='word_1_102' title='bbox 1683 1329 1775 1412; x_wconf 73' lang='grc' dir='ltr'><strong><em>ἄφιε·</em></strong></span> <span class='ocrx_word' id='word_1_103' title='bbox 1838 1332 1917 1398; x_wconf 88' lang='grc' dir='ltr'><strong><em>223ι</em></strong></span> 
     </span>
     <span class='ocr_line' id='line_1_9' title="bbox 346 1433 1857 1521; baseline -0.001 -21"><span class='ocrx_word' id='word_1_104' title='bbox 346 1440 505 1521; x_wconf 88' lang='grc' dir='ltr'><strong><em>ρισμέυον,</em></strong></span> <span class='ocrx_word' id='word_1_105' title='bbox 528 1434 627 1500; x_wconf 87' lang='grc' dir='ltr'><strong><em>τάλλα</em></strong></span> <span class='ocrx_word' id='word_1_106' title='bbox 650 1436 686 1501; x_wconf 81' lang='grc' dir='ltr'><strong><em>δέ</em></strong></span> <span class='ocrx_word' id='word_1_107' title='bbox 705 1436 805 1521; x_wconf 79' lang='grc' dir='ltr'><strong><em>μηδὲν</em></strong></span> <span class='ocrx_word' id='word_1_108' title='bbox 826 1439 847 1520; x_wconf 90' lang='grc' dir='ltr'><strong><em>ῆ</em></strong></span> <span class='ocrx_word' id='word_1_109' title='bbox 868 1434 1073 1500; x_wconf 89' lang='grc' dir='ltr'><strong><em>παντάπασιν</em></strong></span> <span class='ocrx_word' id='word_1_110' title='bbox 1096 1436 1205 1515; x_wconf 90' lang='grc' dir='ltr'><strong><em>όλίγον</em></strong></span> <span class='ocrx_word' id='word_1_111' title='bbox 1225 1438 1374 1504; x_wconf 87' lang='grc' dir='ltr'><strong><em>ἐλλεῖπον</em></strong></span> <span class='ocrx_word' id='word_1_112' title='bbox 1393 1438 1438 1512; x_wconf 89' lang='grc' dir='ltr'><strong><em>είς</em></strong></span> <span class='ocrx_word' id='word_1_113' title='bbox 1459 1437 1514 1520; x_wconf 83' lang='grc' dir='ltr'><strong><em>τῆν</em></strong></span> <span class='ocrx_word' id='word_1_114' title='bbox 1534 1434 1631 1519; x_wconf 85' lang='grc' dir='ltr'><strong><em>αύεῆν</em></strong></span> <span class='ocrx_word' id='word_1_115' title='bbox 1650 1433 1857 1520; x_wconf 67' lang='grc' dir='ltr'><strong><em>εὐδοκίμησιν.</em></strong></span> 
     </span>
    </p>

    <p class='ocr_par' dir='ltr' id='par_1_3' title="bbox 256 1539 1967 4846">
     <span class='ocr_line' id='line_1_10' title="bbox 434 1539 1918 1629; baseline -0.001 -25"><span class='ocrx_word' id='word_1_116' title='bbox 434 1540 570 1605; x_wconf 64' lang='grc' dir='ltr'><strong><em>6’λἀύτα</em></strong></span> <span class='ocrx_word' id='word_1_117' title='bbox 600 1539 731 1614; x_wconf 88' lang='grc' dir='ltr'><strong><em>πολλοῖς</em></strong></span> <span class='ocrx_word' id='word_1_118' title='bbox 759 1543 818 1622; x_wconf 73' lang='grc' dir='ltr'><strong><em>μὲν</em></strong></span> <span class='ocrx_word' id='word_1_119' title='bbox 846 1539 937 1629; x_wconf 81' lang='grc' dir='ltr'><strong><em>ῆδετο</em></strong></span> <span class='ocrx_word' id='word_1_120' title='bbox 959 1546 1012 1603; x_wconf 77' lang='grc' dir='ltr'><strong><em>καὶ</em></strong></span> <span class='ocrx_word' id='word_1_121' title='bbox 1041 1539 1145 1604; x_wconf 89' lang='grc' dir='ltr'><strong><em>πάλαι</em></strong></span> <span class='ocrx_word' id='word_1_122' title='bbox 1173 1546 1229 1604; x_wconf 77' lang='grc' dir='ltr'><strong><em>καί</em></strong></span> <span class='ocrx_word' id='word_1_123' title='bbox 1255 1545 1312 1608; x_wconf 85' lang='grc' dir='ltr'><strong><em>νύν</em></strong></span> <span class='ocrx_word' id='word_1_124' title='bbox 1342 1547 1417 1626; x_wconf 75' lang='grc' dir='ltr'><strong><em>πρὶν</em></strong></span> <span class='ocrx_word' id='word_1_125' title='bbox 1447 1539 1522 1624; x_wconf 90' lang='grc' dir='ltr'><strong><em>ῆμῖν</em></strong></span> <span class='ocrx_word' id='word_1_126' title='bbox 1548 1539 1756 1623; x_wconf 84' lang='grc' dir='ltr'><strong><em>ἐποφθῆναι,</em></strong></span> <span class='ocrx_word' id='word_1_127' title='bbox 1790 1544 1860 1603; x_wconf 77' lang='grc' dir='ltr'><strong><em>νυνί</em></strong></span> <span class='ocrx_word' id='word_1_128' title='bbox 1881 1539 1918 1603; x_wconf 81' lang='grc' dir='ltr'><strong><em>δέ</em></strong></span> 
     </span>
     <span class='ocr_line' id='line_1_11' title="bbox 347 1639 1916 1728; baseline -0.001 -20"><span class='ocrx_word' id='word_1_129' title='bbox 347 1648 427 1708; x_wconf 77' lang='grc' dir='ltr'><strong><em>κατὰ</em></strong></span> <span class='ocrx_word' id='word_1_130' title='bbox 451 1647 485 1708; x_wconf 87' lang='grc' dir='ltr'><strong><em>τδ</em></strong></span> <span class='ocrx_word' id='word_1_131' title='bbox 506 1643 762 1727; x_wconf 87' lang='grc' dir='ltr'><strong><em>γεγραμμένονύ</em></strong></span> <span class='ocrx_word' id='word_1_132' title='bbox 789 1666 820 1706; x_wconf 90' lang='grc' dir='ltr'><strong><em>τε</em></strong></span> <span class='ocrx_word' id='word_1_133' title='bbox 847 1641 1024 1725; x_wconf 83' lang='grc' dir='ltr'><strong><em>ὀφθαλμός</em></strong></span> <span class='ocrx_word' id='word_1_134' title='bbox 1044 1666 1107 1724; x_wconf 88' lang='grc' dir='ltr'><strong><em>μου</em></strong></span> <span class='ocrx_word' id='word_1_135' title='bbox 1129 1642 1260 1726; x_wconf 78' lang='grc' dir='ltr'><strong><em>ἑώρακε,</em></strong></span> <span class='ocrx_word' id='word_1_136' title='bbox 1291 1649 1345 1707; x_wconf 74' lang='grc' dir='ltr'><strong><em>καί</em></strong></span> <span class='ocrx_word' id='word_1_137' title='bbox 1372 1654 1542 1726; x_wconf 71' lang='grc' dir='ltr'><strong><em>μαρτυρεῖν</em></strong></span> <span class='ocrx_word' id='word_1_138' title='bbox 1569 1640 1587 1706; x_wconf 85' lang='grc' dir='ltr'><strong><em>ύ</em></strong></span> <span class='ocrx_word' id='word_1_139' title='bbox 1618 1642 1713 1722; x_wconf 90' lang='grc' dir='ltr'><strong><em>λόγος</em></strong></span> <span class='ocrx_word' id='word_1_140' title='bbox 1734 1648 1866 1726; x_wconf 88' lang='grc' dir='ltr'><strong><em>θαρρεῖ·</em></strong></span> <span class='ocrx_word' id='word_1_141' title='bbox 1898 1639 1916 1728; x_wconf 83' lang='grc' dir='ltr'><strong><em>ῆ</em></strong></span> 
     </span>
     <span class='ocr_line' id='line_1_12' title="bbox 346 1746 1919 1833; baseline -0.001 -21"><span class='ocrx_word' id='word_1_142' title='bbox 346 1751 504 1830; x_wconf 84' lang='grc' dir='ltr'><strong><em>μαρτυρία</em></strong></span> <span class='ocrx_word' id='word_1_143' title='bbox 533 1747 569 1810; x_wconf 81' lang='grc' dir='ltr'><strong><em>δέ</em></strong></span> <span class='ocrx_word' id='word_1_144' title='bbox 596 1749 753 1831; x_wconf 83' lang='grc' dir='ltr'><strong><em>γραφικῆ*</em></strong></span> <span class='ocrx_word' id='word_1_145' title='bbox 777 1748 865 1811; x_wconf 82' lang='grc' dir='ltr'><strong><em>Καθ’</em></strong></span> <span class='ocrx_word' id='word_1_146' title='bbox 886 1747 968 1826; x_wconf 84' lang='grc' dir='ltr'><strong><em>άπερ</em></strong></span> <span class='ocrx_word' id='word_1_147' title='bbox 991 1747 1176 1832; x_wconf 86' lang='grc' dir='ltr'><strong><em>ῆκούσαμεν,</em></strong></span> <span class='ocrx_word' id='word_1_148' title='bbox 1204 1749 1281 1814; x_wconf 82' lang='grc' dir='ltr'><strong><em>οὕτω</em></strong></span> <span class='ocrx_word' id='word_1_149' title='bbox 1304 1754 1357 1813; x_wconf 73' lang='grc' dir='ltr'><strong><em>καί</em></strong></span> <span class='ocrx_word' id='word_1_150' title='bbox 1377 1749 1521 1830; x_wconf 80' lang='grc' dir='ltr'><strong><em>εἴδομεν,</em></strong></span> <span class='ocrx_word' id='word_1_151' title='bbox 1553 1751 1607 1810; x_wconf 77' lang='grc' dir='ltr'><strong><em>καί</em></strong></span> <span class='ocrx_word' id='word_1_152' title='bbox 1628 1746 1721 1812; x_wconf 76' lang='grc' dir='ltr'><strong><em>οὐδὲν</em></strong></span> <span class='ocrx_word' id='word_1_153' title='bbox 1742 1747 1825 1833; x_wconf 73' lang='grc' dir='ltr'><strong><em>ἡμᾶς</em></strong></span> <span class='ocrx_word' id='word_1_154' title='bbox 1846 1749 1919 1831; x_wconf 80' lang='grc' dir='ltr'><strong><em>ἐξη-</em></strong></span> 
     </span>
     <span class='ocr_line' id='line_1_13' title="bbox 349 1848 1920 1937; baseline -0.003 -20"><span class='ocrx_word' id='word_1_155' title='bbox 349 1854 487 1936; x_wconf 85' lang='grc' dir='ltr'><strong><em>πάτησεν</em></strong></span> <span class='ocrx_word' id='word_1_156' title='bbox 515 1850 533 1936; x_wconf 87' lang='grc' dir='ltr'><strong><em>ῆ</em></strong></span> <span class='ocrx_word' id='word_1_157' title='bbox 565 1851 654 1937; x_wconf 89' lang='grc' dir='ltr'><strong><em>φῆμη</em></strong></span> <span class='ocrx_word' id='word_1_158' title='bbox 675 1857 747 1933; x_wconf 77' lang='grc' dir='ltr'><strong><em>περὶ</em></strong></span> <span class='ocrx_word' id='word_1_159' title='bbox 767 1848 857 1931; x_wconf 78' lang='grc' dir='ltr'><strong><em>ὑμῶν</em></strong></span> <span class='ocrx_word' id='word_1_160' title='bbox 889 1850 955 1917; x_wconf 81' lang='grc' dir='ltr'><strong><em>οὐδ’</em></strong></span> <span class='ocrx_word' id='word_1_161' title='bbox 974 1852 1142 1935; x_wconf 83' lang='grc' dir='ltr'><strong><em>ἐψεύσατο.</em></strong></span> <span class='ocrx_word' id='word_1_162' title='bbox 1186 1852 1304 1935; x_wconf 64' lang='grc' dir='ltr'><strong><em>πχαίροι</em></strong></span> <span class='ocrx_word' id='word_1_163' title='bbox 1334 1857 1395 1934; x_wconf 83' lang='grc' dir='ltr'><strong><em>μέν</em></strong></span> <span class='ocrx_word' id='word_1_164' title='bbox 1421 1851 1477 1918; x_wconf 86' lang='grc' dir='ltr'><strong><em>ούν</em></strong></span> <span class='ocrx_word' id='word_1_165' title='bbox 1508 1857 1562 1916; x_wconf 74' lang='grc' dir='ltr'><strong><em>καὶ</em></strong></span> <span class='ocrx_word' id='word_1_166' title='bbox 1582 1854 1678 1916; x_wconf 86' lang='grc' dir='ltr'><strong><em>ταῦτα</em></strong></span> <span class='ocrx_word' id='word_1_167' title='bbox 1699 1853 1766 1914; x_wconf 71' lang='grc' dir='ltr'><strong><em>κατ’</em></strong></span> <span class='ocrx_word' id='word_1_168' title='bbox 1786 1849 1920 1927; x_wconf 89' lang='grc' dir='ltr'><strong><em>ἐλπίδας</em></strong></span> 
     </span>
     <span class='ocr_line' id='line_1_14' title="bbox 347 1953 1919 2041; baseline 0.002 -22"><span class='ocrx_word' id='word_1_169' title='bbox 347 1954 449 2039; x_wconf 84' lang='grc' dir='ltr'><strong><em>εύριόν</em></strong></span> <span class='ocrx_word' id='word_1_170' title='bbox 482 1958 551 2041; x_wconf 73' lang='grc' dir='ltr'><strong><em>(καί</em></strong></span> <span class='ocrx_word' id='word_1_171' title='bbox 573 1959 641 2030; x_wconf 85' lang='grc' dir='ltr'><strong><em>πάς</em></strong></span> <span class='ocrx_word' id='word_1_172' title='bbox 660 1955 722 2037; x_wconf 83' lang='grc' dir='ltr'><strong><em>γάρ</em></strong></span> <span class='ocrx_word' id='word_1_173' title='bbox 744 1954 834 2039; x_wconf 80' lang='grc' dir='ltr'><strong><em>οὕς),</em></strong></span> <span class='ocrx_word' id='word_1_174' title='bbox 867 1957 1027 2030; x_wconf 85' lang='grc' dir='ltr'><strong><em>τοσαύταις</em></strong></span> <span class='ocrx_word' id='word_1_175' title='bbox 1048 1957 1184 2036; x_wconf 75' lang='grc' dir='ltr'><strong><em>ἐντυχών</em></strong></span> <span class='ocrx_word' id='word_1_176' title='bbox 1207 1956 1381 2041; x_wconf 82' lang='grc' dir='ltr'><strong><em>εύκληρίαις</em></strong></span> <span class='ocrx_word' id='word_1_177' title='bbox 1409 1963 1463 2021; x_wconf 77' lang='grc' dir='ltr'><strong><em>καί</em></strong></span> <span class='ocrx_word' id='word_1_178' title='bbox 1491 1957 1620 2038; x_wconf 76' lang='grc' dir='ltr'><strong><em>βλέπειν</em></strong></span> <span class='ocrx_word' id='word_1_179' title='bbox 1646 1953 1745 2039; x_wconf 77' lang='grc' dir='ltr'><strong><em>ῆδέιος</em></strong></span> <span class='ocrx_word' id='word_1_180' title='bbox 1775 1954 1858 2020; x_wconf 90' lang='grc' dir='ltr'><strong><em>λαόν</em></strong></span> <span class='ocrx_word' id='word_1_181' title='bbox 1887 1979 1919 2022; x_wconf 80' lang='grc' dir='ltr'><strong><em>σε</em></strong></span> 
     </span>
     <span class='ocr_line' id='line_1_15' title="bbox 349 2054 1920 2150; baseline 0.001 -26"><span class='ocrx_word' id='word_1_182' title='bbox 349 2062 452 2144; x_wconf 88' lang='grc' dir='ltr'><strong><em>σοφδν</em></strong></span> <span class='ocrx_word' id='word_1_183' title='bbox 474 2065 528 2122; x_wconf 82' lang='grc' dir='ltr'><strong><em>καὶ</em></strong></span> <span class='ocrx_word' id='word_1_184' title='bbox 542 2058 609 2140; x_wconf 79' lang='grc' dir='ltr'><strong><em>ούχί</em></strong></span> <span class='ocrx_word' id='word_1_185' title='bbox 622 2060 762 2142; x_wconf 85' lang='grc' dir='ltr'><strong><em>μωρόν*,</em></strong></span> <span class='ocrx_word' id='word_1_186' title='bbox 784 2054 961 2140; x_wconf 87' lang='grc' dir='ltr'><strong><em>άλλοτρίοις</em></strong></span> <span class='ocrx_word' id='word_1_187' title='bbox 980 2062 1091 2134; x_wconf 86' lang='grc' dir='ltr'><strong><em>πόνοις</em></strong></span> <span class='ocrx_word' id='word_1_188' title='bbox 1110 2063 1360 2144; x_wconf 87' lang='grc' dir='ltr'><strong><em>κατηρτισμένον,</em></strong></span> <span class='ocrx_word' id='word_1_189' title='bbox 1382 2062 1426 2124; x_wconf 68' lang='grc' dir='ltr'><strong><em>ίν*</em></strong></span> <span class='ocrx_word' id='word_1_190' title='bbox 1445 2059 1520 2145; x_wconf 86' lang='grc' dir='ltr'><strong><em>ῆμῖν</em></strong></span> <span class='ocrx_word' id='word_1_191' title='bbox 1540 2059 1766 2150; x_wconf 81' lang='grc' dir='ltr'><strong><em>ῆκουφότερος</em></strong></span> <span class='ocrx_word' id='word_1_192' title='bbox 1787 2059 1805 2124; x_wconf 86' lang='grc' dir='ltr'><strong><em>δ</em></strong></span> <span class='ocrx_word' id='word_1_193' title='bbox 1821 2061 1920 2139; x_wconf 88' lang='grc' dir='ltr'><strong><em>κόπος</em></strong></span> 
     </span>
     <span class='ocr_line' id='line_1_16' title="bbox 348 2163 1919 2248; baseline 0.001 -20"><span class='ocrx_word' id='word_1_194' title='bbox 348 2163 443 2248; x_wconf 76' lang='grc' dir='ltr'><strong><em>δδφ’</em></strong></span> <span class='ocrx_word' id='word_1_195' title='bbox 463 2163 548 2246; x_wconf 87' lang='grc' dir='ltr'><strong><em>ύμῖν,</em></strong></span> <span class='ocrx_word' id='word_1_196' title='bbox 580 2168 633 2226; x_wconf 79' lang='grc' dir='ltr'><strong><em>καί</em></strong></span> <span class='ocrx_word' id='word_1_197' title='bbox 655 2169 736 2227; x_wconf 82' lang='grc' dir='ltr'><strong><em>ναόν</em></strong></span> <span class='ocrx_word' id='word_1_198' title='bbox 757 2163 835 2227; x_wconf 81' lang='grc' dir='ltr'><strong><em>οὕτω</em></strong></span> <span class='ocrx_word' id='word_1_199' title='bbox 858 2166 980 2243; x_wconf 84' lang='grc' dir='ltr'><strong><em>κρείττω</em></strong></span> <span class='ocrx_word' id='word_1_200' title='bbox 1009 2163 1106 2239; x_wconf 91' lang='grc' dir='ltr'><strong><em>λόγου</em></strong></span> <span class='ocrx_word' id='word_1_201' title='bbox 1136 2168 1190 2225; x_wconf 80' lang='grc' dir='ltr'><strong><em>καὶ</em></strong></span> <span class='ocrx_word' id='word_1_202' title='bbox 1221 2166 1401 2244; x_wconf 87' lang='grc' dir='ltr'><strong><em>θαύματος,</em></strong></span> <span class='ocrx_word' id='word_1_203' title='bbox 1433 2163 1572 2227; x_wconf 81' lang='grc' dir='ltr'><strong><em>ἔνδοθέν</em></strong></span> <span class='ocrx_word' id='word_1_204' title='bbox 1600 2187 1632 2227; x_wconf 89' lang='grc' dir='ltr'><strong><em>τε</em></strong></span> <span class='ocrx_word' id='word_1_205' title='bbox 1660 2163 1795 2240; x_wconf 84' lang='grc' dir='ltr'><strong><em>πολλαῖς</em></strong></span> <span class='ocrx_word' id='word_1_206' title='bbox 1822 2189 1919 2230; x_wconf 87' lang='grc' dir='ltr'><strong><em>κατα-</em></strong></span> 
     </span>
     <span class='ocr_line' id='line_1_17' title="bbox 350 2266 1920 2353; baseline 0.002 -22"><span class='ocrx_word' id='word_1_207' title='bbox 350 2269 587 2350; x_wconf 83' lang='grc' dir='ltr'><strong><em>στραπτόμενον</em></strong></span> <span class='ocrx_word' id='word_1_208' title='bbox 607 2269 713 2349; x_wconf 92' lang='grc' dir='ltr'><strong><em>χάρισι</em></strong></span> <span class='ocrx_word' id='word_1_209' title='bbox 744 2270 798 2328; x_wconf 74' lang='grc' dir='ltr'><strong><em>καὶ</em></strong></span> <span class='ocrx_word' id='word_1_210' title='bbox 826 2276 890 2339; x_wconf 82' lang='grc' dir='ltr'><strong><em>τοῖς</em></strong></span> <span class='ocrx_word' id='word_1_211' title='bbox 911 2267 998 2338; x_wconf 82' lang='grc' dir='ltr'><strong><em>ἐκτός</em></strong></span> <span class='ocrx_word' id='word_1_212' title='bbox 1019 2266 1159 2343; x_wconf 88' lang='grc' dir='ltr'><strong><em>άγαθοῖς</em></strong></span> <span class='ocrx_word' id='word_1_213' title='bbox 1181 2267 1463 2349; x_wconf 82' lang='grc' dir='ltr'><strong><em>περιανιλούμενον</em></strong></span> <span class='ocrx_word' id='word_1_214' title='bbox 1484 2268 1670 2347; x_wconf 87' lang='grc' dir='ltr'><strong><em>πάντοθεν,</em></strong></span> <span class='ocrx_word' id='word_1_215' title='bbox 1703 2267 1781 2351; x_wconf 84' lang='grc' dir='ltr'><strong><em>ὅπερ</em></strong></span> <span class='ocrx_word' id='word_1_216' title='bbox 1804 2270 1842 2353; x_wconf 83' lang='grc' dir='ltr'><strong><em>δῆ</em></strong></span> <span class='ocrx_word' id='word_1_217' title='bbox 1865 2275 1920 2334; x_wconf 76' lang='grc' dir='ltr'><strong><em>καί</em></strong></span> 
     </span>
     <span class='ocr_line' id='line_1_18' title="bbox 349 2369 1919 2458; baseline 0 -20"><span class='ocrx_word' id='word_1_218' title='bbox 349 2370 424 2438; x_wconf 81' lang='grc' dir='ltr'><strong><em>σύτδ</em></strong></span> <span class='ocrx_word' id='word_1_219' title='bbox 447 2377 658 2455; x_wconf 73' lang='grc' dir='ltr'><strong><em>πνευματικῆς</em></strong></span> <span class='ocrx_word' id='word_1_220' title='bbox 679 2370 871 2454; x_wconf 83' lang='grc' dir='ltr'><strong><em>εὐφροσύνης</em></strong></span> <span class='ocrx_word' id='word_1_221' title='bbox 892 2369 948 2432; x_wconf 75' lang='grc' dir='ltr'><strong><em>οὐκ</em></strong></span> <span class='ocrx_word' id='word_1_222' title='bbox 970 2370 1137 2452; x_wconf 78' lang='grc' dir='ltr'><strong><em>ἀλλότριον</em></strong></span> <span class='ocrx_word' id='word_1_223' title='bbox 1152 2371 1277 2456; x_wconf 87' lang='grc' dir='ltr'><strong><em>ῆγημαι,</em></strong></span> <span class='ocrx_word' id='word_1_224' title='bbox 1298 2371 1403 2455; x_wconf 79' lang='grc' dir='ltr'><strong><em>ὥσπερ</em></strong></span> <span class='ocrx_word' id='word_1_225' title='bbox 1420 2372 1531 2455; x_wconf 88' lang='grc' dir='ltr'><strong><em>ῆδιστα</em></strong></span> <span class='ocrx_word' id='word_1_226' title='bbox 1548 2371 1787 2458; x_wconf 75' lang='grc' dir='ltr'><strong><em>συμψάλλιοτῷ</em></strong></span> <span class='ocrx_word' id='word_1_227' title='bbox 1797 2374 1919 2455; x_wconf 74' lang='grc' dir='ltr'><strong><em>Δαβίδ*</em></strong></span> 
     </span>
     <span class='ocr_line' id='line_1_19' title="bbox 349 2471 1919 2563; baseline 0.003 -24"><span class='ocrx_word' id='word_1_228' title='bbox 349 2481 402 2539; x_wconf 77' lang='grc' dir='ltr'><strong><em>καί</em></strong></span> <span class='ocrx_word' id='word_1_229' title='bbox 424 2476 635 2559; x_wconf 84' lang='grc' dir='ltr'><strong><em>συναληθεύιο</em></strong></span> <span class='ocrx_word' id='word_1_230' title='bbox 659 2481 771 2557; x_wconf 82' lang='grc' dir='ltr'><strong><em>Κύριε,</em></strong></span> <span class='ocrx_word' id='word_1_231' title='bbox 801 2472 952 2558; x_wconf 79' lang='grc' dir='ltr'><strong><em>η’γάπησοι</em></strong></span> <span class='ocrx_word' id='word_1_232' title='bbox 980 2471 1171 2557; x_wconf 75' lang='grc' dir='ltr'><strong><em>εὐπρέπειαν</em></strong></span> <span class='ocrx_word' id='word_1_233' title='bbox 1201 2478 1289 2540; x_wconf 81' lang='grc' dir='ltr'><strong><em>οἴκου</em></strong></span> <span class='ocrx_word' id='word_1_234' title='bbox 1320 2493 1396 2555; x_wconf 90' lang='grc' dir='ltr'><strong><em>σου,</em></strong></span> <span class='ocrx_word' id='word_1_235' title='bbox 1427 2474 1509 2540; x_wconf 83' lang='grc' dir='ltr'><strong><em>ούτιο</em></strong></span> <span class='ocrx_word' id='word_1_236' title='bbox 1530 2481 1583 2538; x_wconf 83' lang='grc' dir='ltr'><strong><em>καί</em></strong></span> <span class='ocrx_word' id='word_1_237' title='bbox 1602 2479 1655 2558; x_wconf 90' lang='grc' dir='ltr'><strong><em>τῆς</em></strong></span> <span class='ocrx_word' id='word_1_238' title='bbox 1677 2479 1771 2551; x_wconf 92' lang='grc' dir='ltr'><strong><em>θείας</em></strong></span> <span class='ocrx_word' id='word_1_239' title='bbox 1792 2489 1919 2563; x_wconf 82' lang='grc' dir='ltr'><strong><em>σημεῖον</em></strong></span> 
     </span>
     <span class='ocr_line' id='line_1_20' title="bbox 351 2573 1919 2667; baseline 0.005 -25"><span class='ocrx_word' id='word_1_240' title='bbox 351 2580 553 2667; x_wconf 76' lang='grc' dir='ltr'><strong><em>Ιέπιοκοπῆς</em></strong></span> <span class='ocrx_word' id='word_1_241' title='bbox 585 2583 664 2643; x_wconf 80' lang='grc' dir='ltr'><strong><em>κατά</em></strong></span> <span class='ocrx_word' id='word_1_242' title='bbox 694 2582 749 2642; x_wconf 82' lang='grc' dir='ltr'><strong><em>τὸν</em></strong></span> <span class='ocrx_word' id='word_1_243' title='bbox 780 2581 881 2658; x_wconf 88' lang='grc' dir='ltr'><strong><em>μέγαν</em></strong></span> <span class='ocrx_word' id='word_1_244' title='bbox 908 2575 1009 2657; x_wconf 50' lang='grc' dir='ltr'><strong><em>Ἰάβ,</em></strong></span> <span class='ocrx_word' id='word_1_245' title='bbox 1041 2577 1098 2658; x_wconf 87' lang='grc' dir='ltr'><strong><em>ούχ</em></strong></span> <span class='ocrx_word' id='word_1_246' title='bbox 1119 2573 1207 2662; x_wconf 86' lang='grc' dir='ltr'><strong><em>ῆττον</em></strong></span> <span class='ocrx_word' id='word_1_247' title='bbox 1229 2580 1265 2643; x_wconf 79' lang='grc' dir='ltr'><strong><em>δὲ</em></strong></span> <span class='ocrx_word' id='word_1_248' title='bbox 1286 2579 1367 2659; x_wconf 90' lang='grc' dir='ltr'><strong><em>τάχα</em></strong></span> <span class='ocrx_word' id='word_1_249' title='bbox 1388 2583 1442 2642; x_wconf 77' lang='grc' dir='ltr'><strong><em>καὶ</em></strong></span> <span class='ocrx_word' id='word_1_250' title='bbox 1462 2584 1515 2662; x_wconf 84' lang='grc' dir='ltr'><strong><em>τῆς</em></strong></span> <span class='ocrx_word' id='word_1_251' title='bbox 1536 2577 1693 2660; x_wconf 71' lang='grc' dir='ltr'><strong><em>εὐσεβείας</em></strong></span> <span class='ocrx_word' id='word_1_252' title='bbox 1713 2580 1776 2644; x_wconf 76' lang='grc' dir='ltr'><strong><em>τάν</em></strong></span> <span class='ocrx_word' id='word_1_253' title='bbox 1838 2585 1919 2650; x_wconf 70' lang='grc'><strong><em>2232</em></strong></span> 
     </span>
     <span class='ocr_line' id='line_1_21' title="bbox 349 2680 1919 2769; baseline 0.003 -22"><span class='ocrx_word' id='word_1_254' title='bbox 349 2684 540 2764; x_wconf 81' lang='grc' dir='ltr'><strong><em>μετεχόντων</em></strong></span> <span class='ocrx_word' id='word_1_255' title='bbox 559 2686 616 2768; x_wconf 82' lang='grc' dir='ltr'><strong><em>τῆν</em></strong></span> <span class='ocrx_word' id='word_1_256' title='bbox 636 2686 672 2748; x_wconf 78' lang='grc' dir='ltr'><strong><em>ἐν</em></strong></span> <span class='ocrx_word' id='word_1_257' title='bbox 693 2694 756 2756; x_wconf 78' lang='grc' dir='ltr'><strong><em>τοῖς</em></strong></span> <span class='ocrx_word' id='word_1_258' title='bbox 777 2681 927 2755; x_wconf 83' lang='grc' dir='ltr'><strong><em>τοιούτοις</em></strong></span> <span class='ocrx_word' id='word_1_259' title='bbox 947 2680 1104 2765; x_wconf 82' lang='grc' dir='ltr'><strong><em>εύθηνίαν</em></strong></span> <span class='ocrx_word' id='word_1_260' title='bbox 1124 2686 1289 2762; x_wconf 79' lang='grc' dir='ltr'><strong><em>τιθέμενος</em></strong></span> <span class='ocrx_word' id='word_1_261' title='bbox 1320 2687 1374 2746; x_wconf 75' lang='grc' dir='ltr'><strong><em>καί</em></strong></span> <span class='ocrx_word' id='word_1_262' title='bbox 1405 2686 1439 2746; x_wconf 85' lang='grc' dir='ltr'><strong><em>εδ</em></strong></span> <span class='ocrx_word' id='word_1_263' title='bbox 1458 2681 1538 2747; x_wconf 77' lang='grc' dir='ltr'><strong><em>Ἰδού</em></strong></span> <span class='ocrx_word' id='word_1_264' title='bbox 1558 2683 1655 2757; x_wconf 78' lang='grc' dir='ltr'><strong><em>οὕτως</em></strong></span> <span class='ocrx_word' id='word_1_265' title='bbox 1674 2681 1919 2769; x_wconf 83' lang='grc' dir='ltr'><strong><em>εύλογηθῆσεται</em></strong></span> 
     </span>
     <span class='ocr_line' id='line_1_22' title="bbox 349 2784 1919 2870; baseline 0.004 -20"><span class='ocrx_word' id='word_1_266' title='bbox 349 2789 526 2869; x_wconf 83' lang='grc' dir='ltr'><strong><em>ἅνθρωπος</em></strong></span> <span class='ocrx_word' id='word_1_267' title='bbox 556 2785 574 2850; x_wconf 89' lang='grc' dir='ltr'><strong><em>ύ</em></strong></span> <span class='ocrx_word' id='word_1_268' title='bbox 605 2790 803 2869; x_wconf 74' lang='grc' dir='ltr'><strong><em>φοβούμενος</em></strong></span> <span class='ocrx_word' id='word_1_269' title='bbox 830 2788 884 2847; x_wconf 80' lang='grc' dir='ltr'><strong><em>τόν</em></strong></span> <span class='ocrx_word' id='word_1_270' title='bbox 912 2784 1020 2867; x_wconf 89' lang='grc' dir='ltr'><strong><em>κύριον</em></strong></span> <span class='ocrx_word' id='word_1_271' title='bbox 1049 2788 1126 2867; x_wconf 85' lang='grc' dir='ltr'><strong><em>μετά</em></strong></span> <span class='ocrx_word' id='word_1_272' title='bbox 1147 2786 1267 2867; x_wconf 80' lang='grc' dir='ltr'><strong><em>Δαβῐδ*</em></strong></span> <span class='ocrx_word' id='word_1_273' title='bbox 1296 2792 1350 2849; x_wconf 83' lang='grc' dir='ltr'><strong><em>καί</em></strong></span> <span class='ocrx_word' id='word_1_274' title='bbox 1380 2786 1481 2851; x_wconf 90' lang='grc' dir='ltr'><strong><em>πάλιν</em></strong></span> <span class='ocrx_word' id='word_1_275' title='bbox 1510 2786 1694 2870; x_wconf 75' lang='grc' dir='ltr'><strong><em>ἐπιφανῶν.</em></strong></span> <span class='ocrx_word' id='word_1_276' title='bbox 1750 2787 1860 2854; x_wconf 80' lang='grc' dir='ltr'><strong><em>8ούιτεα</em></strong></span> <span class='ocrx_word' id='word_1_277' title='bbox 1882 2792 1919 2856; x_wconf 76' lang='grc' dir='ltr'><strong><em>δέ</em></strong></span> 
     </span>
     <span class='ocr_line' id='line_1_23' title="bbox 349 2886 1919 2974; baseline 0.002 -19"><span class='ocrx_word' id='word_1_278' title='bbox 349 2895 493 2956; x_wconf 82' lang='grc' dir='ltr'><strong><em>τυσοῦτον</em></strong></span> <span class='ocrx_word' id='word_1_279' title='bbox 514 2887 608 2955; x_wconf 81' lang='grc' dir='ltr'><strong><em>ούδέν</em></strong></span> <span class='ocrx_word' id='word_1_280' title='bbox 629 2892 665 2955; x_wconf 89' lang='grc' dir='ltr'><strong><em>ἐν</em></strong></span> <span class='ocrx_word' id='word_1_281' title='bbox 688 2892 791 2954; x_wconf 85' lang='grc' dir='ltr'><strong><em>ἅπασι</em></strong></span> <span class='ocrx_word' id='word_1_282' title='bbox 812 2888 939 2964; x_wconf 81' lang='grc' dir='ltr'><strong><em>τούτοις,</em></strong></span> <span class='ocrx_word' id='word_1_283' title='bbox 962 2892 1075 2972; x_wconf 90' lang='grc' dir='ltr'><strong><em>καίπερ</em></strong></span> <span class='ocrx_word' id='word_1_284' title='bbox 1097 2886 1164 2954; x_wconf 90' lang='grc' dir='ltr'><strong><em>ούσι</em></strong></span> <span class='ocrx_word' id='word_1_285' title='bbox 1186 2888 1355 2965; x_wconf 88' lang='grc' dir='ltr'><strong><em>τοιούτοις,</em></strong></span> <span class='ocrx_word' id='word_1_286' title='bbox 1386 2888 1532 2974; x_wconf 87' lang='grc' dir='ltr'><strong><em>ῆγάοθην</em></strong></span> <span class='ocrx_word' id='word_1_287' title='bbox 1563 2889 1638 2953; x_wconf 83' lang='grc' dir='ltr'><strong><em>ούδέ</em></strong></span> <span class='ocrx_word' id='word_1_288' title='bbox 1669 2890 1845 2972; x_wconf 87' lang='grc' dir='ltr'><strong><em>ἐθαύμασα</em></strong></span> <span class='ocrx_word' id='word_1_289' title='bbox 1876 2893 1919 2971; x_wconf 80' lang='grc' dir='ltr'><strong><em>άς</em></strong></span> 
     </span>
     <span class='ocr_line' id='line_1_24' title="bbox 350 2990 1918 3080; baseline 0.002 -22"><span class='ocrx_word' id='word_1_290' title='bbox 350 2997 382 3058; x_wconf 82' lang='grc' dir='ltr'><strong><em>εδ</em></strong></span> <span class='ocrx_word' id='word_1_291' title='bbox 404 2999 548 3076; x_wconf 83' lang='grc' dir='ltr'><strong><em>μέγιστον</em></strong></span> <span class='ocrx_word' id='word_1_292' title='bbox 570 2996 723 3058; x_wconf 78' lang='grc' dir='ltr'><strong><em>ἁπάντων</em></strong></span> <span class='ocrx_word' id='word_1_293' title='bbox 746 2996 799 3055; x_wconf 77' lang='grc' dir='ltr'><strong><em>καὶ</em></strong></span> <span class='ocrx_word' id='word_1_294' title='bbox 821 2991 989 3055; x_wconf 88' lang='grc' dir='ltr'><strong><em>κάλλιστον</em></strong></span> <span class='ocrx_word' id='word_1_295' title='bbox 1010 2996 1064 3055; x_wconf 80' lang='grc' dir='ltr'><strong><em>καί</em></strong></span> <span class='ocrx_word' id='word_1_296' title='bbox 1086 2993 1300 3076; x_wconf 74' lang='grc' dir='ltr'><strong><em>διαφερόντως</em></strong></span> <span class='ocrx_word' id='word_1_297' title='bbox 1330 2996 1392 3056; x_wconf 80' lang='grc' dir='ltr'><strong><em>τῶν</em></strong></span> <span class='ocrx_word' id='word_1_298' title='bbox 1421 2993 1530 3056; x_wconf 82' lang='grc' dir='ltr'><strong><em>ἄλλων</em></strong></span> <span class='ocrx_word' id='word_1_299' title='bbox 1563 2990 1716 3076; x_wconf 86' lang='grc' dir='ltr'><strong><em>ύπερέχον</em></strong></span> <span class='ocrx_word' id='word_1_300' title='bbox 1744 2999 1797 3057; x_wconf 77' lang='grc' dir='ltr'><strong><em>καί</em></strong></span> <span class='ocrx_word' id='word_1_301' title='bbox 1819 2997 1918 3080; x_wconf 81' lang='grc' dir='ltr'><strong><em>ὑπερ-</em></strong></span> 
     </span>
     <span class='ocr_line' id='line_1_25' title="bbox 349 3093 1919 3183; baseline 0.002 -21"><span class='ocrx_word' id='word_1_302' title='bbox 349 3103 500 3181; x_wconf 85' lang='grc' dir='ltr'><strong><em>κείμενον,</em></strong></span> <span class='ocrx_word' id='word_1_303' title='bbox 534 3104 589 3183; x_wconf 87' lang='grc' dir='ltr'><strong><em>τῆν</em></strong></span> <span class='ocrx_word' id='word_1_304' title='bbox 615 3098 808 3180; x_wconf 87' lang='grc' dir='ltr'><strong><em>μαρτυρικῆν</em></strong></span> <span class='ocrx_word' id='word_1_305' title='bbox 838 3094 918 3172; x_wconf 83' lang='grc' dir='ltr'><strong><em>λέγοι</em></strong></span> <span class='ocrx_word' id='word_1_306' title='bbox 939 3095 1042 3176; x_wconf 91' lang='grc' dir='ltr'><strong><em>χάριν,</em></strong></span> <span class='ocrx_word' id='word_1_307' title='bbox 1066 3094 1128 3179; x_wconf 88' lang='grc' dir='ltr'><strong><em>ῆτις</em></strong></span> <span class='ocrx_word' id='word_1_308' title='bbox 1147 3096 1264 3159; x_wconf 78' lang='grc' dir='ltr'><strong><em>ἐνοικεῖ</em></strong></span> <span class='ocrx_word' id='word_1_309' title='bbox 1282 3099 1325 3181; x_wconf 78' lang='grc' dir='ltr'><strong><em>τῷ</em></strong></span> <span class='ocrx_word' id='word_1_310' title='bbox 1348 3100 1434 3182; x_wconf 78' lang='grc' dir='ltr'><strong><em>ναῷ,</em></strong></span> <span class='ocrx_word' id='word_1_311' title='bbox 1468 3100 1522 3159; x_wconf 81' lang='grc' dir='ltr'><strong><em>καί</em></strong></span> <span class='ocrx_word' id='word_1_312' title='bbox 1550 3097 1593 3160; x_wconf 80' lang='grc' dir='ltr'><strong><em>δι’</em></strong></span> <span class='ocrx_word' id='word_1_313' title='bbox 1622 3097 1660 3182; x_wconf 88' lang='grc' dir='ltr'><strong><em>ῆν</em></strong></span> <span class='ocrx_word' id='word_1_314' title='bbox 1689 3093 1790 3161; x_wconf 79' lang='grc' dir='ltr'><strong><em>τᾶλλα</em></strong></span> <span class='ocrx_word' id='word_1_315' title='bbox 1813 3101 1919 3166; x_wconf 84' lang='grc' dir='ltr'><strong><em>πάντα</em></strong></span> 
     </span>
     <span class='ocr_line' id='line_1_26' title="bbox 350 3195 1920 3290; baseline 0.001 -23"><span class='ocrx_word' id='word_1_316' title='bbox 350 3209 402 3267; x_wconf 80' lang='grc' dir='ltr'><strong><em>καί</em></strong></span> <span class='ocrx_word' id='word_1_317' title='bbox 424 3204 502 3284; x_wconf 83' lang='grc' dir='ltr'><strong><em>παρ’</em></strong></span> <span class='ocrx_word' id='word_1_318' title='bbox 524 3200 560 3286; x_wconf 84' lang='grc' dir='ltr'><strong><em>ῆς</em></strong></span> <span class='ocrx_word' id='word_1_319' title='bbox 581 3209 634 3265; x_wconf 79' lang='grc' dir='ltr'><strong><em>καὶ</em></strong></span> <span class='ocrx_word' id='word_1_320' title='bbox 656 3204 737 3282; x_wconf 83' lang='grc' dir='ltr'><strong><em>πρός</em></strong></span> <span class='ocrx_word' id='word_1_321' title='bbox 758 3199 805 3284; x_wconf 88' lang='grc' dir='ltr'><strong><em>ῆν,</em></strong></span> <span class='ocrx_word' id='word_1_322' title='bbox 837 3195 873 3281; x_wconf 79' lang='grc' dir='ltr'><strong><em>ῆς</em></strong></span> <span class='ocrx_word' id='word_1_323' title='bbox 893 3199 927 3261; x_wconf 88' lang='grc' dir='ltr'><strong><em>τύ</em></strong></span> <span class='ocrx_word' id='word_1_324' title='bbox 949 3202 1031 3280; x_wconf 86' lang='grc' dir='ltr'><strong><em>μέγα</em></strong></span> <span class='ocrx_word' id='word_1_325' title='bbox 1054 3199 1144 3273; x_wconf 87' lang='grc' dir='ltr'><strong><em>κλέος</em></strong></span> <span class='ocrx_word' id='word_1_326' title='bbox 1165 3206 1218 3261; x_wconf 82' lang='grc' dir='ltr'><strong><em>καί</em></strong></span> <span class='ocrx_word' id='word_1_327' title='bbox 1240 3199 1449 3283; x_wconf 84' lang='grc' dir='ltr'><strong><em>περιιόνυμον,</em></strong></span> <span class='ocrx_word' id='word_1_328' title='bbox 1476 3201 1510 3263; x_wconf 86' lang='grc' dir='ltr'><strong><em>τδ</em></strong></span> <span class='ocrx_word' id='word_1_329' title='bbox 1533 3203 1643 3263; x_wconf 81' lang='grc' dir='ltr'><strong><em>πᾶσαν</em></strong></span> <span class='ocrx_word' id='word_1_330' title='bbox 1662 3207 1843 3287; x_wconf 78' lang='grc' dir='ltr'><strong><em>περιτρέχον</em></strong></span> <span class='ocrx_word' id='word_1_331' title='bbox 1863 3206 1920 3290; x_wconf 86' lang='grc' dir='ltr'><strong><em>τῆν</em></strong></span> 
     </span>
     <span class='ocr_line' id='line_1_27' title="bbox 350 3301 1921 3392; baseline 0.004 -24"><span class='ocrx_word' id='word_1_332' title='bbox 350 3311 446 3371; x_wconf 92' lang='grc' dir='ltr'><strong><em>κτίσιν</em></strong></span> <span class='ocrx_word' id='word_1_333' title='bbox 468 3313 521 3369; x_wconf 77' lang='grc' dir='ltr'><strong><em>καί</em></strong></span> <span class='ocrx_word' id='word_1_334' title='bbox 544 3308 651 3370; x_wconf 89' lang='grc' dir='ltr'><strong><em>πάντα</em></strong></span> <span class='ocrx_word' id='word_1_335' title='bbox 673 3306 774 3369; x_wconf 88' lang='grc' dir='ltr'><strong><em>τόπον</em></strong></span> <span class='ocrx_word' id='word_1_336' title='bbox 790 3302 934 3385; x_wconf 79' lang='grc' dir='ltr'><strong><em>πληροῦν</em></strong></span> <span class='ocrx_word' id='word_1_337' title='bbox 955 3310 1017 3365; x_wconf 82' lang='grc' dir='ltr'><strong><em>τῶν</em></strong></span> <span class='ocrx_word' id='word_1_338' title='bbox 1039 3303 1073 3378; x_wconf 86' lang='grc' dir='ltr'><strong><em>ἐξ</em></strong></span> <span class='ocrx_word' id='word_1_339' title='bbox 1095 3301 1188 3387; x_wconf 89' lang='grc' dir='ltr'><strong><em>αύτῆς</em></strong></span> <span class='ocrx_word' id='word_1_340' title='bbox 1212 3305 1389 3384; x_wconf 79' lang='grc' dir='ltr'><strong><em>θαυμάτων</em></strong></span> <span class='ocrx_word' id='word_1_341' title='bbox 1409 3308 1466 3367; x_wconf 75' lang='grc' dir='ltr'><strong><em>καὶ</em></strong></span> <span class='ocrx_word' id='word_1_342' title='bbox 1485 3303 1697 3385; x_wconf 84' lang='grc' dir='ltr'><strong><em>χαρισμάτων,</em></strong></span> <span class='ocrx_word' id='word_1_343' title='bbox 1719 3302 1765 3370; x_wconf 76' lang='grc' dir='ltr'><strong><em>ὥν</em></strong></span> <span class='ocrx_word' id='word_1_344' title='bbox 1785 3308 1846 3392; x_wconf 83' lang='grc' dir='ltr'><strong><em>ῆδη</em></strong></span> <span class='ocrx_word' id='word_1_345' title='bbox 1866 3316 1921 3375; x_wconf 74' lang='grc' dir='ltr'><strong><em>καί</em></strong></span> 
     </span>
     <span class='ocr_line' id='line_1_28' title="bbox 349 3406 1922 3489; baseline 0.003 -16"><span class='ocrx_word' id='word_1_346' title='bbox 349 3409 438 3476; x_wconf 76' lang='grc' dir='ltr'><strong><em>αύτοί</em></strong></span> <span class='ocrx_word' id='word_1_347' title='bbox 461 3410 629 3483; x_wconf 89' lang='grc' dir='ltr'><strong><em>πλεονάκις</em></strong></span> <span class='ocrx_word' id='word_1_348' title='bbox 651 3414 705 3471; x_wconf 82' lang='grc' dir='ltr'><strong><em>καὶ</em></strong></span> <span class='ocrx_word' id='word_1_349' title='bbox 725 3409 892 3488; x_wconf 87' lang='grc' dir='ltr'><strong><em>μακρόθεν</em></strong></span> <span class='ocrx_word' id='word_1_350' title='bbox 914 3408 955 3468; x_wconf 82' lang='grc' dir='ltr'><strong><em>ότι</em></strong></span> <span class='ocrx_word' id='word_1_351' title='bbox 977 3407 1261 3489; x_wconf 87' lang='grc' dir='ltr'><strong><em>κατετρυφῆσαμεν,</em></strong></span> <span class='ocrx_word' id='word_1_352' title='bbox 1283 3406 1318 3470; x_wconf 74' lang='grc' dir='ltr'><strong><em>ἐκ</em></strong></span> <span class='ocrx_word' id='word_1_353' title='bbox 1331 3410 1497 3489; x_wconf 87' lang='grc' dir='ltr'><strong><em>προγόνων</em></strong></span> <span class='ocrx_word' id='word_1_354' title='bbox 1517 3408 1714 3472; x_wconf 76' lang='grc' dir='ltr'><strong><em>καίάνοοθεν</em></strong></span> <span class='ocrx_word' id='word_1_355' title='bbox 1727 3412 1782 3485; x_wconf 87' lang='grc' dir='ltr'><strong><em>τάς</em></strong></span> <span class='ocrx_word' id='word_1_356' title='bbox 1795 3412 1922 3478; x_wconf 85' lang='grc' dir='ltr'><strong><em>ἐκεῖθεν</em></strong></span> 
     </span>
     <span class='ocr_line' id='line_1_29' title="bbox 347 3510 1921 3600; baseline 0.003 -22"><span class='ocrx_word' id='word_1_357' title='bbox 347 3513 493 3588; x_wconf 83' lang='grc' dir='ltr'><strong><em>ποικίλας</em></strong></span> <span class='ocrx_word' id='word_1_358' title='bbox 513 3512 689 3594; x_wconf 78' lang='grc' dir='ltr'><strong><em>εύεργεσίας</em></strong></span> <span class='ocrx_word' id='word_1_359' title='bbox 711 3511 996 3594; x_wconf 74' lang='grc' dir='ltr'><strong><em>κληρονομήσαντες</em></strong></span> <span class='ocrx_word' id='word_1_360' title='bbox 1025 3515 1077 3572; x_wconf 73' lang='grc' dir='ltr'><strong><em>καὶ</em></strong></span> <span class='ocrx_word' id='word_1_361' title='bbox 1100 3510 1334 3594; x_wconf 83' lang='grc' dir='ltr'><strong><em>δαψιλεστάτας</em></strong></span> <span class='ocrx_word' id='word_1_362' title='bbox 1354 3512 1400 3585; x_wconf 90' lang='grc' dir='ltr'><strong><em>είς</em></strong></span> <span class='ocrx_word' id='word_1_363' title='bbox 1421 3511 1514 3595; x_wconf 80' lang='grc' dir='ltr'><strong><em>δεῦρο</em></strong></span> <span class='ocrx_word' id='word_1_364' title='bbox 1536 3514 1624 3593; x_wconf 85' lang='grc' dir='ltr'><strong><em>παρά</em></strong></span> <span class='ocrx_word' id='word_1_365' title='bbox 1648 3515 1754 3577; x_wconf 88' lang='grc' dir='ltr'><strong><em>πάντα</em></strong></span> <span class='ocrx_word' id='word_1_366' title='bbox 1775 3517 1830 3580; x_wconf 88' lang='grc' dir='ltr'><strong><em>τδν</em></strong></span> <span class='ocrx_word' id='word_1_367' title='bbox 1848 3521 1921 3600; x_wconf 75' lang='grc' dir='ltr'><strong><em>βίον</em></strong></span> 
     </span>
     <span class='ocr_line' id='line_1_30' title="bbox 348 3613 1919 3704; baseline 0.004 -24"><span class='ocrx_word' id='word_1_368' title='bbox 348 3619 382 3680; x_wconf 88' lang='grc' dir='ltr'><strong><em>ίκ</em></strong></span> <span class='ocrx_word' id='word_1_369' title='bbox 403 3622 456 3700; x_wconf 90' lang='grc' dir='ltr'><strong><em>τῆς</em></strong></span> <span class='ocrx_word' id='word_1_370' title='bbox 477 3615 652 3701; x_wconf 70' lang='grc' dir='ltr'><strong><em>ἀθλητικῆς</em></strong></span> <span class='ocrx_word' id='word_1_371' title='bbox 672 3621 775 3697; x_wconf 79' lang='grc' dir='ltr'><strong><em>χειρός</em></strong></span> <span class='ocrx_word' id='word_1_372' title='bbox 796 3616 1039 3696; x_wconf 87' lang='grc' dir='ltr'><strong><em>χορηγούμενοι,</em></strong></span> <span class='ocrx_word' id='word_1_373' title='bbox 1074 3613 1119 3686; x_wconf 85' lang='grc' dir='ltr'><strong><em>είς</em></strong></span> <span class='ocrx_word' id='word_1_374' title='bbox 1147 3615 1186 3677; x_wconf 83' lang='grc' dir='ltr'><strong><em>δν</em></strong></span> <span class='ocrx_word' id='word_1_375' title='bbox 1216 3613 1381 3696; x_wconf 77' lang='grc' dir='ltr'><strong><em>ἐλπίζομεν</em></strong></span> <span class='ocrx_word' id='word_1_376' title='bbox 1409 3613 1456 3678; x_wconf 82' lang='grc' dir='ltr'><strong><em>ὅτι</em></strong></span> <span class='ocrx_word' id='word_1_377' title='bbox 1488 3618 1542 3677; x_wconf 78' lang='grc' dir='ltr'><strong><em>καί</em></strong></span> <span class='ocrx_word' id='word_1_378' title='bbox 1572 3613 1615 3677; x_wconf 81' lang='grc' dir='ltr'><strong><em>ἔτι</em></strong></span> <span class='ocrx_word' id='word_1_379' title='bbox 1635 3619 1919 3704; x_wconf 74' lang='grc' dir='ltr'><strong><em>χορηγηθῆσονται·</em></strong></span> 
     </span>
     <span class='ocr_line' id='line_1_31' title="bbox 347 3715 1922 3808; baseline 0.006 -24"><span class='ocrx_word' id='word_1_380' title='bbox 347 3720 441 3808; x_wconf 79' lang='grc' dir='ltr'><strong><em>ποΙλύ</em></strong></span> <span class='ocrx_word' id='word_1_381' title='bbox 462 3743 489 3784; x_wconf 79' lang='grc' dir='ltr'><strong><em>α</em></strong></span> <span class='ocrx_word' id='word_1_382' title='bbox 512 3719 711 3802; x_wconf 89' lang='grc' dir='ltr'><strong><em>δικαιότερον</em></strong></span> <span class='ocrx_word' id='word_1_383' title='bbox 733 3717 802 3799; x_wconf 83' lang='grc' dir='ltr'><strong><em>ἅμα</em></strong></span> <span class='ocrx_word' id='word_1_384' title='bbox 823 3719 857 3779; x_wconf 89' lang='grc' dir='ltr'><strong><em>τύ</em></strong></span> <span class='ocrx_word' id='word_1_385' title='bbox 882 3716 947 3779; x_wconf 86' lang='grc' dir='ltr'><strong><em>άπδ</em></strong></span> <span class='ocrx_word' id='word_1_386' title='bbox 972 3717 1063 3782; x_wconf 84' lang='grc' dir='ltr'><strong><em>τοῦδε</em></strong></span> <span class='ocrx_word' id='word_1_387' title='bbox 1085 3723 1139 3780; x_wconf 77' lang='grc' dir='ltr'><strong><em>καί</em></strong></span> <span class='ocrx_word' id='word_1_388' title='bbox 1159 3719 1399 3801; x_wconf 75' lang='grc' dir='ltr'><strong><em>ἀφθονώτερον,</em></strong></span> <span class='ocrx_word' id='word_1_389' title='bbox 1421 3715 1454 3782; x_wconf 88' lang='grc' dir='ltr'><strong><em>τδ</em></strong></span> <span class='ocrx_word' id='word_1_390' title='bbox 1468 3721 1539 3799; x_wconf 88' lang='grc' dir='ltr'><strong><em>μέν,</em></strong></span> <span class='ocrx_word' id='word_1_391' title='bbox 1561 3716 1780 3804; x_wconf 83' lang='grc' dir='ltr'><strong><em>ύτιέγγύτερος</em></strong></span> <span class='ocrx_word' id='word_1_392' title='bbox 1842 3726 1922 3793; x_wconf 80' lang='grc' dir='ltr'><strong><em>224ι</em></strong></span> 
     </span>
     <span class='ocr_line' id='line_1_32' title="bbox 348 3819 1922 3913; baseline 0 -23"><span class='ocrx_word' id='word_1_393' title='bbox 348 3829 405 3890; x_wconf 84' lang='grc' dir='ltr'><strong><em>νύν</em></strong></span> <span class='ocrx_word' id='word_1_394' title='bbox 427 3827 448 3908; x_wconf 88' lang='grc' dir='ltr'><strong><em>ῆ</em></strong></span> <span class='ocrx_word' id='word_1_395' title='bbox 467 3827 501 3887; x_wconf 93' lang='grc' dir='ltr'><strong><em>τδ</em></strong></span> <span class='ocrx_word' id='word_1_396' title='bbox 526 3826 672 3907; x_wconf 89' lang='grc' dir='ltr'><strong><em>πρόσθεν</em></strong></span> <span class='ocrx_word' id='word_1_397' title='bbox 695 3822 712 3886; x_wconf 86' lang='grc' dir='ltr'><strong><em>ὁ</em></strong></span> <span class='ocrx_word' id='word_1_398' title='bbox 735 3819 890 3903; x_wconf 75' lang='grc' dir='ltr'><strong><em>εὐεργέτης</em></strong></span> <span class='ocrx_word' id='word_1_399' title='bbox 915 3860 956 3871; x_wconf 89' lang='grc'>-</span> <span class='ocrx_word' id='word_1_400' title='bbox 988 3822 1017 3884; x_wconf 84' lang='grc' dir='ltr'><strong><em>ελ</em></strong></span> <span class='ocrx_word' id='word_1_401' title='bbox 1050 3826 1143 3901; x_wconf 90' lang='grc' dir='ltr'><strong><em>θέμις</em></strong></span> <span class='ocrx_word' id='word_1_402' title='bbox 1177 3829 1264 3887; x_wconf 82' lang='grc' dir='ltr'><strong><em>τοῦτο</em></strong></span> <span class='ocrx_word' id='word_1_403' title='bbox 1295 3823 1397 3885; x_wconf 86' lang='grc' dir='ltr'><strong><em>είπεῖν</em></strong></span> <span class='ocrx_word' id='word_1_404' title='bbox 1425 3827 1571 3906; x_wconf 74' lang='grc' dir='ltr'><strong><em>περὶτοῦ</em></strong></span> <span class='ocrx_word' id='word_1_405' title='bbox 1593 3822 1700 3886; x_wconf 89' lang='grc' dir='ltr'><strong><em>πάντα</em></strong></span> <span class='ocrx_word' id='word_1_406' title='bbox 1721 3824 1821 3889; x_wconf 85' lang='grc' dir='ltr'><strong><em>τόπον</em></strong></span> <span class='ocrx_word' id='word_1_407' title='bbox 1840 3827 1922 3913; x_wconf 86' lang='grc' dir='ltr'><strong><em>πλη-</em></strong></span> 
     </span>
     <span class='ocr_line' id='line_1_33' title="bbox 349 3924 1923 4012; baseline 0.003 -21"><span class='ocrx_word' id='word_1_408' title='bbox 349 3932 478 4012; x_wconf 76' lang='grc' dir='ltr'><strong><em>ροῦντες</em></strong></span> <span class='ocrx_word' id='word_1_409' title='bbox 498 3938 562 3999; x_wconf 87' lang='grc' dir='ltr'><strong><em>τοῖς</em></strong></span> <span class='ocrx_word' id='word_1_410' title='bbox 584 3927 729 4008; x_wconf 85' lang='grc' dir='ltr'><strong><em>άριθμού</em></strong></span> <span class='ocrx_word' id='word_1_411' title='bbox 752 3924 871 3998; x_wconf 80' lang='grc' dir='ltr'><strong><em>παντὸς</em></strong></span> <span class='ocrx_word' id='word_1_412' title='bbox 893 3929 1040 4004; x_wconf 88' lang='grc' dir='ltr'><strong><em>κρείττοσι</em></strong></span> <span class='ocrx_word' id='word_1_413' title='bbox 1064 3929 1200 4010; x_wconf 87' lang='grc' dir='ltr'><strong><em>σημείοις</em></strong></span> <span class='ocrx_word' id='word_1_414' title='bbox 1220 3931 1273 3987; x_wconf 76' lang='grc' dir='ltr'><strong><em>καὶ</em></strong></span> <span class='ocrx_word' id='word_1_415' title='bbox 1295 3928 1400 4006; x_wconf 87' lang='grc' dir='ltr'><strong><em>τέρασι</em></strong></span> <span class='ocrx_word' id='word_1_416' title='bbox 1415 3962 1466 4002; x_wconf 90' lang='grc'><strong><em>-,</em></strong></span> <span class='ocrx_word' id='word_1_417' title='bbox 1488 3929 1521 3990; x_wconf 86' lang='grc' dir='ltr'><strong><em>εδ</em></strong></span> <span class='ocrx_word' id='word_1_418' title='bbox 1544 3926 1591 4002; x_wconf 85' lang='grc' dir='ltr'><strong><em>δέ,</em></strong></span> <span class='ocrx_word' id='word_1_419' title='bbox 1613 3927 1661 3990; x_wconf 86' lang='grc' dir='ltr'><strong><em>ότι</em></strong></span> <span class='ocrx_word' id='word_1_420' title='bbox 1682 3932 1735 3989; x_wconf 78' lang='grc' dir='ltr'><strong><em>καί</em></strong></span> <span class='ocrx_word' id='word_1_421' title='bbox 1756 3933 1813 3994; x_wconf 81' lang='grc' dir='ltr'><strong><em>νῦν</em></strong></span> <span class='ocrx_word' id='word_1_422' title='bbox 1826 3930 1923 3996; x_wconf 68' lang='lat' dir='ltr'><strong><em>otm-</em></strong></span> 
     </span>
     <span class='ocr_line' id='line_1_34' title="bbox 256 4027 1922 4118; baseline 0.001 -20"><span class='ocrx_word' id='word_1_423' title='bbox 256 4106 259 4113; x_wconf 19' lang='grc' dir='ltr'><strong><em>χ</em></strong></span> <span class='ocrx_word' id='word_1_424' title='bbox 348 4032 453 4114; x_wconf 83' lang='grc' dir='ltr'><strong><em>ότερος</em></strong></span> <span class='ocrx_word' id='word_1_425' title='bbox 479 4071 513 4083; x_wconf 95' lang='grc'>-</span> <span class='ocrx_word' id='word_1_426' title='bbox 538 4033 684 4115; x_wconf 82' lang='grc' dir='ltr'><strong><em>τολμῆσαι</em></strong></span> <span class='ocrx_word' id='word_1_427' title='bbox 706 4033 768 4111; x_wconf 92' lang='grc' dir='ltr'><strong><em>γάρ</em></strong></span> <span class='ocrx_word' id='word_1_428' title='bbox 794 4067 830 4077; x_wconf 92' lang='lat'>-</span> <span class='ocrx_word' id='word_1_429' title='bbox 855 4029 928 4111; x_wconf 84' lang='grc' dir='ltr'><strong><em>ῆτδ</em></strong></span> <span class='ocrx_word' id='word_1_430' title='bbox 952 4032 1107 4111; x_wconf 86' lang='grc' dir='ltr'><strong><em>πρότερον</em></strong></span> <span class='ocrx_word' id='word_1_431' title='bbox 1129 4027 1146 4091; x_wconf 87' lang='grc' dir='ltr'><strong><em>ύ</em></strong></span> <span class='ocrx_word' id='word_1_432' title='bbox 1169 4036 1221 4112; x_wconf 89' lang='grc' dir='ltr'><strong><em>τῆς</em></strong></span> <span class='ocrx_word' id='word_1_433' title='bbox 1242 4029 1386 4104; x_wconf 84' lang='grc' dir='ltr'><strong><em>εύποιίας</em></strong></span> <span class='ocrx_word' id='word_1_434' title='bbox 1408 4029 1574 4111; x_wconf 91' lang='grc' dir='ltr'><strong><em>δεόμενος,</em></strong></span> <span class='ocrx_word' id='word_1_435' title='bbox 1606 4034 1659 4093; x_wconf 77' lang='grc' dir='ltr'><strong><em>καί</em></strong></span> <span class='ocrx_word' id='word_1_436' title='bbox 1687 4030 1837 4114; x_wconf 88' lang='grc' dir='ltr'><strong><em>δεόμενος</em></strong></span> <span class='ocrx_word' id='word_1_437' title='bbox 1862 4040 1922 4118; x_wconf 75' lang='grc' dir='ltr'><strong><em>μὲν</em></strong></span> 
     </span>
     <span class='ocr_line' id='line_1_35' title="bbox 347 4131 1923 4221; baseline 0.001 -19"><span class='ocrx_word' id='word_1_438' title='bbox 347 4139 389 4202; x_wconf 77' lang='grc' dir='ltr'><strong><em>δτι</em></strong></span> <span class='ocrx_word' id='word_1_439' title='bbox 420 4138 546 4219; x_wconf 90' lang='grc' dir='ltr'><strong><em>μάλλον</em></strong></span> <span class='ocrx_word' id='word_1_440' title='bbox 575 4136 655 4218; x_wconf 78' lang='grc' dir='ltr'><strong><em>ύπὲρ</em></strong></span> <span class='ocrx_word' id='word_1_441' title='bbox 685 4136 719 4197; x_wconf 81' lang='grc' dir='ltr'><strong><em>τὸ</em></strong></span> <span class='ocrx_word' id='word_1_442' title='bbox 748 4132 852 4196; x_wconf 89' lang='grc' dir='ltr'><strong><em>πάλαι</em></strong></span> <span class='ocrx_word' id='word_1_443' title='bbox 884 4132 937 4195; x_wconf 84' lang='grc' dir='ltr'><strong><em>διά</em></strong></span> <span class='ocrx_word' id='word_1_444' title='bbox 969 4137 1024 4216; x_wconf 84' lang='grc' dir='ltr'><strong><em>την</em></strong></span> <span class='ocrx_word' id='word_1_445' title='bbox 1053 4137 1115 4196; x_wconf 83' lang='grc' dir='ltr'><strong><em>τάν</em></strong></span> <span class='ocrx_word' id='word_1_446' title='bbox 1150 4135 1253 4196; x_wconf 89' lang='grc' dir='ltr'><strong><em>νόσοιν</em></strong></span> <span class='ocrx_word' id='word_1_447' title='bbox 1283 4133 1436 4210; x_wconf 90' lang='grc' dir='ltr'><strong><em>ἐπίτασιν,</em></strong></span> <span class='ocrx_word' id='word_1_448' title='bbox 1466 4131 1504 4221; x_wconf 87' lang='grc' dir='ltr'><strong><em>ῆς</em></strong></span> <span class='ocrx_word' id='word_1_449' title='bbox 1527 4132 1621 4201; x_wconf 72' lang='grc' dir='ltr'><strong><em>οὐδέν</em></strong></span> <span class='ocrx_word' id='word_1_450' title='bbox 1642 4133 1737 4210; x_wconf 85' lang='grc' dir='ltr'><strong><em>ούτας</em></strong></span> <span class='ocrx_word' id='word_1_451' title='bbox 1758 4139 1859 4201; x_wconf 80' lang='grc' dir='ltr'><strong><em>αἴτιον</em></strong></span> <span class='ocrx_word' id='word_1_452' title='bbox 1880 4137 1923 4214; x_wconf 83' lang='grc' dir='ltr'><strong><em>άς</em></strong></span> 
     </span>
     <span class='ocr_line' id='line_1_36' title="bbox 347 4235 1967 4326; baseline 0.002 -22"><span class='ocrx_word' id='word_1_453' title='bbox 347 4240 440 4325; x_wconf 83' lang='grc' dir='ltr'><strong><em>ῆτῆς</em></strong></span> <span class='ocrx_word' id='word_1_454' title='bbox 464 4244 555 4323; x_wconf 82' lang='grc' dir='ltr'><strong><em>ἄχρις</em></strong></span> <span class='ocrx_word' id='word_1_455' title='bbox 577 4241 665 4322; x_wconf 73' lang='grc' dir='ltr'><strong><em>ὑμῶν</em></strong></span> <span class='ocrx_word' id='word_1_456' title='bbox 695 4238 861 4318; x_wconf 82' lang='grc' dir='ltr'><strong><em>δυσχεροῦς</em></strong></span> <span class='ocrx_word' id='word_1_457' title='bbox 889 4243 943 4298; x_wconf 76' lang='grc' dir='ltr'><strong><em>καὶ</em></strong></span> <span class='ocrx_word' id='word_1_458' title='bbox 970 4242 1097 4320; x_wconf 83' lang='grc' dir='ltr'><strong><em>μακρᾶς</em></strong></span> <span class='ocrx_word' id='word_1_459' title='bbox 1126 4235 1315 4320; x_wconf 82' lang='grc' dir='ltr'><strong><em>ὁδοιπορίας</em></strong></span> <span class='ocrx_word' id='word_1_460' title='bbox 1342 4239 1460 4323; x_wconf 83' lang='grc' dir='ltr'><strong><em>θλίψις</em></strong></span> <span class='ocrx_word' id='word_1_461' title='bbox 1487 4245 1541 4302; x_wconf 73' lang='grc' dir='ltr'><strong><em>καὶ</em></strong></span> <span class='ocrx_word' id='word_1_462' title='bbox 1571 4240 1794 4318; x_wconf 81' lang='grc' dir='ltr'><strong><em>κακοπάθεια,</em></strong></span> <span class='ocrx_word' id='word_1_463' title='bbox 1828 4241 1923 4326; x_wconf 70' lang='grc' dir='ltr'><strong><em>δράσι</em></strong></span> <span class='ocrx_word' id='word_1_464' title='bbox 1964 4284 1967 4291; x_wconf 91' lang='lat'><strong>·</strong></span> 
     </span>
     <span class='ocr_line' id='line_1_37' title="bbox 346 4341 1923 4430; baseline 0.003 -21"><span class='ocrx_word' id='word_1_465' title='bbox 346 4345 433 4418; x_wconf 78' lang='grc' dir='ltr'><strong><em>ὅπως</em></strong></span> <span class='ocrx_word' id='word_1_466' title='bbox 456 4344 538 4428; x_wconf 86' lang='grc' dir='ltr'><strong><em>ῆμάς</em></strong></span> <span class='ocrx_word' id='word_1_467' title='bbox 561 4346 816 4427; x_wconf 86' lang='grc' dir='ltr'><strong><em>κατεργασαμένη</em></strong></span> <span class='ocrx_word' id='word_1_468' title='bbox 846 4347 899 4403; x_wconf 76' lang='grc' dir='ltr'><strong><em>καὶ</em></strong></span> <span class='ocrx_word' id='word_1_469' title='bbox 931 4344 1132 4426; x_wconf 85' lang='grc' dir='ltr'><strong><em>κατατῆξασοι</em></strong></span> <span class='ocrx_word' id='word_1_470' title='bbox 1160 4342 1214 4407; x_wconf 79' lang='grc' dir='ltr'><strong><em>διὰ</em></strong></span> <span class='ocrx_word' id='word_1_471' title='bbox 1243 4346 1298 4428; x_wconf 87' lang='grc' dir='ltr'><strong><em>τῆν</em></strong></span> <span class='ocrx_word' id='word_1_472' title='bbox 1326 4341 1468 4428; x_wconf 79' lang='grc' dir='ltr'><strong><em>αἠθειαν</em></strong></span> <span class='ocrx_word' id='word_1_473' title='bbox 1487 4343 1643 4425; x_wconf 85' lang='grc' dir='ltr'><strong><em>μάλιστα,</em></strong></span> <span class='ocrx_word' id='word_1_474' title='bbox 1672 4342 1715 4420; x_wconf 78' lang='grc' dir='ltr'><strong><em>ιύς</em></strong></span> <span class='ocrx_word' id='word_1_475' title='bbox 1735 4351 1848 4428; x_wconf 83' lang='grc' dir='ltr'><strong><em>μικροῦ</em></strong></span> <span class='ocrx_word' id='word_1_476' title='bbox 1866 4372 1923 4430; x_wconf 91' lang='grc' dir='ltr'><strong><em>μοι</em></strong></span> 
     </span>
     <span class='ocr_line' id='line_1_38' title="bbox 345 4447 1922 4537; baseline -0.004 -25"><span class='ocrx_word' id='word_1_477' title='bbox 345 4454 399 4512; x_wconf 80' lang='grc' dir='ltr'><strong><em>καί</em></strong></span> <span class='ocrx_word' id='word_1_478' title='bbox 421 4452 575 4532; x_wconf 85' lang='grc' dir='ltr'><strong><em>ἄχρηστον</em></strong></span> <span class='ocrx_word' id='word_1_479' title='bbox 599 4449 765 4512; x_wconf 89' lang='grc' dir='ltr'><strong><em>διαθεῖναι</em></strong></span> <span class='ocrx_word' id='word_1_480' title='bbox 795 4447 828 4508; x_wconf 89' lang='grc' dir='ltr'><strong><em>τύ</em></strong></span> <span class='ocrx_word' id='word_1_481' title='bbox 859 4449 950 4527; x_wconf 76' lang='grc' dir='ltr'><strong><em>σῶμα</em></strong></span> <span class='ocrx_word' id='word_1_482' title='bbox 982 4453 1036 4507; x_wconf 82' lang='grc' dir='ltr'><strong><em>καί</em></strong></span> <span class='ocrx_word' id='word_1_483' title='bbox 1064 4449 1145 4528; x_wconf 80' lang='grc' dir='ltr'><strong><em>πρὸς</em></strong></span> <span class='ocrx_word' id='word_1_484' title='bbox 1172 4450 1240 4523; x_wconf 82' lang='grc' dir='ltr'><strong><em>σούς</em></strong></span> <span class='ocrx_word' id='word_1_485' title='bbox 1269 4447 1535 4530; x_wconf 74' lang='grc' dir='ltr'><strong><em>ἀναγκαιοτέρους</em></strong></span> <span class='ocrx_word' id='word_1_486' title='bbox 1563 4449 1602 4531; x_wconf 83' lang='grc' dir='ltr'><strong><em>δῆ</em></strong></span> <span class='ocrx_word' id='word_1_487' title='bbox 1625 4448 1750 4524; x_wconf 76' lang='grc' dir='ltr'><strong><em>τούτους</em></strong></span> <span class='ocrx_word' id='word_1_488' title='bbox 1770 4456 1825 4513; x_wconf 81' lang='grc' dir='ltr'><strong><em>καί</em></strong></span> <span class='ocrx_word' id='word_1_489' title='bbox 1845 4476 1922 4537; x_wconf 80' lang='grc' dir='ltr'><strong><em>χρη.</em></strong></span> 
     </span>
     <span class='ocr_line' id='line_1_39' title="bbox 344 4548 1922 4637; baseline 0.002 -21"><span class='ocrx_word' id='word_1_490' title='bbox 344 4560 533 4634; x_wconf 83' lang='grc' dir='ltr'><strong><em>σιματέρους</em></strong></span> <span class='ocrx_word' id='word_1_491' title='bbox 555 4559 616 4617; x_wconf 81' lang='grc' dir='ltr'><strong><em>τάν</em></strong></span> <span class='ocrx_word' id='word_1_492' title='bbox 639 4556 750 4617; x_wconf 86' lang='grc' dir='ltr'><strong><em>πόνων</em></strong></span> <span class='ocrx_word' id='word_1_493' title='bbox 772 4552 856 4636; x_wconf 84' lang='grc' dir='ltr'><strong><em>(τούς</em></strong></span> <span class='ocrx_word' id='word_1_494' title='bbox 878 4548 981 4630; x_wconf 69' lang='grc' dir='ltr'><strong><em>ἱερούς</em></strong></span> <span class='ocrx_word' id='word_1_495' title='bbox 1004 4554 1057 4611; x_wconf 78' lang='grc' dir='ltr'><strong><em>καί</em></strong></span> <span class='ocrx_word' id='word_1_496' title='bbox 1079 4553 1307 4632; x_wconf 87' lang='grc' dir='ltr'><strong><em>πνευματικούς</em></strong></span> <span class='ocrx_word' id='word_1_497' title='bbox 1331 4554 1437 4637; x_wconf 85' lang='grc' dir='ltr'><strong><em>φημι),</em></strong></span> <span class='ocrx_word' id='word_1_498' title='bbox 1460 4552 1505 4627; x_wconf 83' lang='grc' dir='ltr'><strong><em>είς</em></strong></span> <span class='ocrx_word' id='word_1_499' title='bbox 1526 4551 1583 4626; x_wconf 83' lang='grc' dir='ltr'><strong><em>ούς</em></strong></span> <span class='ocrx_word' id='word_1_500' title='bbox 1598 4551 1658 4617; x_wconf 85' lang='grc' dir='ltr'><strong><em>ύττδ</em></strong></span> <span class='ocrx_word' id='word_1_501' title='bbox 1675 4557 1728 4616; x_wconf 84' lang='grc' dir='ltr'><strong><em>τοῦ</em></strong></span> <span class='ocrx_word' id='word_1_502' title='bbox 1743 4553 1922 4637; x_wconf 80' lang='grc' dir='ltr'><strong><em>πνεύματος</em></strong></span> 
     </span>
     <span class='ocr_line' id='line_1_40' title="bbox 343 4653 1921 4743; baseline 0.001 -21"><span class='ocrx_word' id='word_1_503' title='bbox 343 4658 609 4741; x_wconf 86' lang='grc' dir='ltr'><strong><em>προκεκλῆμεθα,</em></strong></span> <span class='ocrx_word' id='word_1_504' title='bbox 642 4663 773 4739; x_wconf 83' lang='grc' dir='ltr'><strong><em>νωθρὸν</em></strong></span> <span class='ocrx_word' id='word_1_505' title='bbox 802 4653 845 4728; x_wconf 81' lang='grc' dir='ltr'><strong><em>ὠς</em></strong></span> <span class='ocrx_word' id='word_1_506' title='bbox 874 4657 911 4717; x_wconf 85' lang='grc' dir='ltr'><strong><em>τά</em></strong></span> <span class='ocrx_word' id='word_1_507' title='bbox 943 4653 1048 4717; x_wconf 87' lang='grc' dir='ltr'><strong><em>πολλά</em></strong></span> <span class='ocrx_word' id='word_1_508' title='bbox 1074 4660 1127 4717; x_wconf 75' lang='grc' dir='ltr'><strong><em>καὶ</em></strong></span> <span class='ocrx_word' id='word_1_509' title='bbox 1150 4655 1352 4740; x_wconf 83' lang='grc' dir='ltr'><strong><em>δυσκίνητον,</em></strong></span> <span class='ocrx_word' id='word_1_510' title='bbox 1384 4654 1569 4737; x_wconf 85' lang='grc' dir='ltr'><strong><em>οίκειότερος</em></strong></span> <span class='ocrx_word' id='word_1_511' title='bbox 1590 4656 1627 4719; x_wconf 76' lang='grc' dir='ltr'><strong><em>δὲ</em></strong></span> <span class='ocrx_word' id='word_1_512' title='bbox 1648 4656 1702 4722; x_wconf 85' lang='grc' dir='ltr'><strong><em>διά</em></strong></span> <span class='ocrx_word' id='word_1_513' title='bbox 1725 4661 1780 4743; x_wconf 87' lang='grc' dir='ltr'><strong><em>τῆν</em></strong></span> <span class='ocrx_word' id='word_1_514' title='bbox 1801 4659 1921 4742; x_wconf 82' lang='grc' dir='ltr'><strong><em>φιλαν-</em></strong></span> 
     </span>
     <span class='ocr_line' id='line_1_41' title="bbox 342 4756 1922 4846; baseline 0.002 -23"><span class='ocrx_word' id='word_1_515' title='bbox 342 4763 495 4846; x_wconf 80' lang='grc' dir='ltr'><strong><em>θρωπίαν</em></strong></span> <span class='ocrx_word' id='word_1_516' title='bbox 515 4768 570 4826; x_wconf 85' lang='grc' dir='ltr'><strong><em>τού</em></strong></span> <span class='ocrx_word' id='word_1_517' title='bbox 591 4765 768 4846; x_wconf 86' lang='grc' dir='ltr'><strong><em>μάρτυρος,</em></strong></span> <span class='ocrx_word' id='word_1_518' title='bbox 801 4758 858 4840; x_wconf 76' lang='grc' dir='ltr'><strong><em>ὑφ’</em></strong></span> <span class='ocrx_word' id='word_1_519' title='bbox 880 4756 916 4843; x_wconf 81' lang='grc' dir='ltr'><strong><em>ῆς</em></strong></span> <span class='ocrx_word' id='word_1_520' title='bbox 937 4758 1121 4843; x_wconf 84' lang='grc' dir='ltr'><strong><em>ἐξελέγημεν</em></strong></span> <span class='ocrx_word' id='word_1_521' title='bbox 1142 4765 1197 4823; x_wconf 77' lang='grc' dir='ltr'><strong><em>καὶ</em></strong></span> <span class='ocrx_word' id='word_1_522' title='bbox 1218 4764 1294 4844; x_wconf 87' lang='grc' dir='ltr'><strong><em>παρ’</em></strong></span> <span class='ocrx_word' id='word_1_523' title='bbox 1323 4758 1359 4845; x_wconf 88' lang='grc' dir='ltr'><strong><em>ῆς</em></strong></span> <span class='ocrx_word' id='word_1_524' title='bbox 1397 4759 1678 4845; x_wconf 86' lang='grc' dir='ltr'><strong><em>προσελῆφθημεν,</em></strong></span> <span class='ocrx_word' id='word_1_525' title='bbox 1710 4762 1746 4838; x_wconf 87' lang='grc' dir='ltr'><strong><em>ἐξ</em></strong></span> <span class='ocrx_word' id='word_1_526' title='bbox 1777 4759 1922 4841; x_wconf 82' lang='grc' dir='ltr'><strong><em>άναξίων</em></strong></span> 
     </span>
    </p>

    <p class='ocr_par' dir='ltr' id='par_1_4' title="bbox 413 4880 1600 4958">
     <span class='ocr_line' id='line_1_42' title="bbox 413 4880 1600 4958; baseline -0.004 -20"><span class='ocrx_word' id='word_1_527' title='bbox 413 4885 675 4958; x_wconf 74' lang='grc' dir='ltr'><strong><em>6Ρεο1αιμζηιη</em></strong></span> <span class='ocrx_word' id='word_1_528' title='bbox 696 4884 799 4940; x_wconf 72' lang='grc' dir='ltr'><strong><em>θεοῖσι</em></strong></span> <span class='ocrx_word' id='word_1_529' title='bbox 819 4880 1251 4952; x_wconf 75' lang='grc' dir='ltr'><strong><em>χτ,6ΙγΡεο1υικεῖΙγΙοο</em></strong></span> <span class='ocrx_word' id='word_1_530' title='bbox 1270 4881 1502 4951; x_wconf 78' lang='grc' dir='ltr'><strong><em>τι,ςΙγΡεο1υι</em></strong></span> <span class='ocrx_word' id='word_1_531' title='bbox 1521 4882 1600 4950; x_wconf 74' lang='grc' dir='ltr'><strong><em>ρκζς</em></strong></span> 
     </span>
    </p>

    <p class='ocr_par' dir='ltr' id='par_1_5' title="bbox 1558 4992 1601 5054">
     <span class='ocr_line' id='line_1_43' title="bbox 1558 4992 1601 5054; baseline 0.023 -1"><span class='ocrx_word' id='word_1_532' title='bbox 1558 4992 1601 5054; x_wconf 87' lang='grc'><strong><em>21</em></strong></span> 
     </span>
    </p>
   </div>
   <div class='ocr_carea' id='block_1_3' title="bbox 0 0 2286 6164">
    <p class='ocr_par' dir='ltr' id='par_1_6' title="bbox 0 0 2286 6164">
     <span class='ocr_line' id='line_1_44' title="bbox 0 0 2286 6164; baseline 0 0"><span class='ocrx_word' id='word_1_533' title='bbox 0 0 2286 6164; x_wconf 95' lang='lat' dir='ltr'><strong><em> </em></strong></span> 
     </span>
    </p>
   </div>
  </div>
 </body>
</html>
