4560 6172
341 546 406 612 204
1847 547 1931 616 1⁸⁸

341 714 446 791 δόξως
467 719 521 778 καί
541 718 679 796 γαστέρα
700 727 867 796 καταργεῖν
888 717 1017 799 κη’τους,
1046 718 1087 778 ἵν’
1110 717 1237 778 ἐκεῖθεν
1258 713 1426 796 ῥυσθιῦσιν
1447 714 1601 794 οἰβλαβιῖς
1623 714 1753 789 δίκαιοι,
1776 713 1842 796 η’τις
1865 716 1931 797 δρα

341 824 396 880 καί
417 819 482 882 τότε
506 817 720 901 θηριώδειαν*
741 829 928 903 τυραννικην
958 818 1039 900 ύπέρ
1070 824 1180 881 πάοαν
1211 821 1314 880 πίστιν
1344 819 1585 893 ἐξετιθάσευσι,
1618 824 1671 879 καῖ
1700 821 1735 880 οδ
1757 814 1932 900 αίμοχαρές

342 921 443 984 ἐκεῖνο
473 926 527 984 καί
557 923 674 1003 φόνιον
696 922 787 985 αἰδοῖ
805 928 864 986 τινί
887 926 1025 1003 κατεῖρξε
1048 925 1129 1002 πρὸς
1150 924 1205 1002 τὴν
1227 920 1331 995 δσίαν,
1355 919 1559 1002 ὑπερβάλλον
1572 921 1683 1003 α’ρετῆς
1697 926 1837 1001 μέγεθος
1858 925 1930 995 τούς

342 1025 422 1105 πρδς
444 1024 536 1087 ἅπαν
554 1026 694 1089 τοιοῦτον
716 1023 943 1109 άδυσωπητους
966 1027 1103 1098 ἐκείνους
1124 1026 1361 1107 δυσωπηθηναι
1380 1029 1664 1108 τερατουργησασα,
1694 1025 1802 1098 άλλως
1823 1048 1854 1088 τε
1876 1030 1929 1085 καῖ

342 1128 388 1189 δτι
409 1129 524 1210 μητρός
546 1125 734 1209 α’πεπληρου
755 1129 903 1211 τηνικάδε
924 1129 1016 1203 τάξιν
1037 1130 1153 1203 αῦτοῖς,
1184 1127 1261 1210 αῦτη
1285 1134 1338 1189 καί
1355 1128 1358 1213 ί
1376 1130 1494 1209 τροφός
1515 1129 1708 1210 ἀμφοτέροις
1730 1135 1783 1191 καὶ
1849 1128 1930 1195 294²

343 1227 783 1313 παιδαγωγδςχρηματίοασα.
804 1232 886 1295 ὅθεν
907 1236 1017 1294 πᾶσαν
1039 1232 1217 1314 κινήσαντες
1241 1235 1375 1304 πειθοῦς
1388 1234 1534 1314 μηχανην
1555 1237 1609 1292 καί
1624 1231 1825 1294 παντοδαποί
1849 1234 1930 1314 πρδς

342 1333 376 1394 εδ
406 1333 524 1407 θέλξαι
552 1339 606 1394 καί
634 1345 820 1414 μεταπεῖσαι
848 1337 1029 1413 γενόμενοι,
1056 1334 1126 1396 ἐπεῖ
1157 1338 1320 1412 περαίνειν
1349 1333 1434 1411 εἰχον
1464 1333 1570 1407 οὐδέν,
1601 1337 1785 1410 βιάσασθαι
1807 1338 1868 1413 μὲν
1889 1333 1928 1396 οδ

344 1435 477 1515 θεμιτόν
499 1435 637 1518 ἔκριναν,
670 1436 830 1500 ἀπελάσαι
854 1437 890 1500 δὲ
918 1438 1047 1520 πόρρω*
1074 1443 1128 1498 καί
1153 1441 1342 1519 μεταστῆσαι
1370 1436 1438 1498 δεῖν
1461 1435 1504 1509 ώς
1524 1440 1619 1517 τάχος
1642 1437 1809 1521 ηἰηθησαν,
1838 1442 1927 1500 τοῦτο

344 1538 395 1600 ἐπ’
418 1539 497 1628 αὐτῇ
521 1539 890 1623 φιλανθρωπευσάμενοι
912 1543 1022 1622 μόνον,
1052 1541 1107 1623 την
1136 1544 1198 1603 τών
1225 1541 1377 1619 βασάνων
1406 1542 1609 1624 συγχώρησιν,
1645 1543 1723 1624 ὅπερ
1753 1541 1844 1624 ἄλλῳ
1865 1547 1928 1603 τών

344 1638 473 1702 πάντων
494 1641 602 1704 ούδενί
623 1645 750 1712 δοκοῦσι
772 1648 980 1728 χαρίσασθαι.
1077 1643 1174 1726 ὓπαρ’
1196 1643 1309 1706 αότίκα
1332 1648 1438 1706 τοίνυν
1460 1645 1618 1722 διάταγμα
1647 1653 1700 1706 καί
1721 1646 1855 1728 γράμμα
1877 1648 1929 1728 τῆς

343 1742 478 1823 ἐξορίας,
503 1750 556 1805 καί
578 1746 595 1828 ἦ
619 1754 805 1831 κατάκριτος
820 1750 948 1831 ἔφθανε
961 1753 1032 1820 τούς
1048 1746 1185 1821 άπάγειν
1201 1751 1496 1826 προστεταγμένους,
1522 1750 1602 1827 πρός
1617 1752 1654 1810 τά
1671 1751 1786 1828 ἔσχατα
1800 1748 1927 1828 μᾶλλον

343 1844 529 1931 ἐπειγομένη
551 1854 603 1933 τῆς
626 1857 692 1934 γῆς,
715 1855 776 1914 κείν
797 1855 904 1932 μέχρις
926 1851 1056 1915 ἐκείνων
1078 1848 1155 1936 αὐτῇ
1178 1851 1215 1912 τά
1249 1855 1301 1933 τῆς
1328 1856 1429 1933 φυγῆς
1457 1851 1585 1933 ώριστο,
1614 1856 1635 1935 ἤ
1659 1853 1695 1914 έν
1723 1850 1927 1936 σκηνώμασιν

343 1944 541 2030 ἁμαρτωλῶν
562 1959 616 2013 καῖ
636 1958 838 2036 τυραννείοις,
868 1954 906 2017 οῦ
935 1953 1115 2032 βασιλείοις,
1145 1953 1243 2016 οἰκεῖν
1265 1950 1501 2037 α’ποδεχομένη,
1535 1955 1564 2016 εἰ
1590 1961 1645 2016 καί
1672 1966 1736 2028 τοῖς
1759 1959 1929 2036 κρατοῦσιν

342 2052 403 2131 εἰχε
425 2055 458 2115 τῦ
482 2055 594 2135 κράτος
617 2057 814 2120 συνδιέπειν*
839 2065 893 2120 καί
914 2057 1168 2140 συμμερίζεσθαι.

431 2156 538 2240 6Αῦτη
567 2162 627 2237 μὲν
655 2156 672 2242 ἢ
701 2161 787 2223 αἰτία
814 2165 851 2249 τῇ
879 2166 1010 2240 γενναίᾳ
1041 2165 1093 2242 τῆς
1115 2161 1306 2241 φυγαδείας,
1337 2158 1425 2234 οὗτος
1446 2162 1482 2223 δὲ
1509 2167 1563 2224 καί
1585 2161 1602 2225 δ
1625 2164 1722 2237 τόπος
1744 2168 1780 2251 τῇ
1804 2163 1927 2245 φυγάδι

344 2260 607 2343 φυγαδευτηριον,
641 2266 720 2326 κατά
752 2267 849 2326 θείαν
877 2265 958 2344 τάχα
988 2286 1051 2327 που
1074 2264 1234 2344 πρόνοιαν
1263 2264 1315 2325 έπῖ
1338 2269 1473 2347 σωτηρίᾳ
1496 2265 1647 2350 προδήλῳ
1669 2273 1731 2329 τών
1752 2267 1927 2350 οἰκητόρων

344 2369 396 2422 καὶ
417 2368 470 2444 τῆς
492 2364 668 2445 περιχώρου
692 2369 795 2449 πάσης
817 2366 994 2448 εὐεργεσίᾳ·
1024 2367 1079 2429 διά
1111 2368 1219 2449 ταύτης
1247 2371 1308 2446 γάρ
1339 2366 1356 2428 δ
1386 2367 1459 2448 τῆδε
1490 2367 1568 2441 λαδς
1600 2369 1636 2430 ἐν
1662 2369 1796 2445 οίγνοίας
1824 2369 1927 2432 σκότει

344 2467 545 2554 καθημεηνος,
568 2475 637 2550 φώς
658 2470 721 2532 είδε
743 2474 825 2549 μέγα
847 2476 898 2553 τῆς
920 2472 1146 2546 ἐπιγνώσεως*,
1169 2472 1238 2531 έπεί
1260 2475 1314 2531 καὶ
1335 2470 1412 2553 αῦτη
1433 2473 1510 2531 καθ’
1526 2470 1608 2549 οἷπερ
1631 2473 1676 2545 εἰς
1697 2473 1782 2535 άπο-
1848 2475 1928 2540 295¹

343 2569 455 2652 στολην
476 2572 717 2655 ἐκπεμφθεῖσα,
747 2577 826 2638 κατά
849 2581 904 2656 την
928 2572 1151 2656 Μαγδαληνην
1172 2573 1293 2656 ἐκείνην
1314 2575 1368 2654 τη“ν
1391 2574 1478 2635 πάνυ
1500 2574 1555 2655 τὴν
1581 2576 1770 2656 μυροφόρον
1798 2574 1926 2652 εῦαγγε-

344 2671 465 2754 λίστρια
486 2677 601 2749 γίνεται
624 2676 755 2759 λαμπρά
779 2688 842 2751 τοῖς
863 2677 1005 2751 ἐνθάδε,
1035 2680 1195 2758 παρρησίᾳ
1224 2699 1255 2737 τε
1283 2682 1445 2754 πανταχοῦ
1472 2674 1505 2739 τδ
1528 2681 1580 2759 τῆς
1601 2678 1761 2757 εὐσεβείας
1782 2678 1928 2761 κη’ρυγμα

343 2775 573 2852 διαγγέλλουσα
596 2786 649 2841 καί
670 2786 723 2863 τῆς
745 2780 850 2843 πάλαι
872 2780 1034 2861 καλλίστης
1055 2779 1204 2857 ἐργασίας
1226 2779 1344 2861 ἐκείνης
1374 2783 1439 2861 (τῆς
1462 2785 1533 2860 περί
1558 2782 1628 2852 τοῦς
1657 2783 1821 2861 μάρτυρας
1843 2782 1926 2857 λέγω

344 2880 509 2961 φιλοτίμου
532 2881 751 2966 κηδεμονίας),
782 2884 824 2945 δι’
847 2885 886 2966 ἢν
916 2887 970 2944 καὶ
995 2882 1175 2965 τηλικαύτης
1205 2882 1355 2961 πατρίδος
1378 2889 1432 2942 καὶ
1455 2881 1549 2964 δόξης
1570 2884 1720 2966 τοσαύτης
1739 2885 1884 2947 ἐκπεσεῖν
1908 2885 1927 2968 ἢ

342 2984 558 3066 μεγαλόφρων
579 2983 754 3067 ὑπέμεινεν,
785 2985 843 3049 οῦκ
865 2985 1064 3066 α’φισιαμένη
1085 2984 1119 3045 τδ
1147 2985 1288 3063 σύμπαν,
1321 2985 1376 3050 οῦκ
1399 2984 1585 3061 ἐνδιδοῦσα,
1620 2986 1675 3051 οῦκ
1698 2987 1823 3050 α’νιεῖσα
1846 2991 1925 3050 καθ’

332 3085 421 3149 «ῦλου
442 3089 497 3167 την
518 3095 595 3170 πυρὶ
617 3101 840 3170 προσεοικυῖαν
862 3093 933 3169 περὶ
953 3085 990 3147 τά
1013 3089 1142 3148 τοιαῦτα
1166 3086 1351 3168 θερμότητα.

433 3189 496 3251 7Τί
518 3191 568 3253 δεῖ
587 3190 688 3255 τᾶλλα
711 3194 772 3255 τών
794 3192 904 3273 ταύτης
925 3187 1185 3268 κατορθωμάτων
1208 3191 1229 3270 η’
1249 3189 1409 3263 συλλέγειν
1431 3190 1657 3272 η’καταλέγειν,
1683 3198 1736 3252 καί
1759 3193 1813 3256 διά
1836 3198 1929 3278 κενῆς

344 3295 425 3371 ε’χειν
449 3295 620 3375 πράγματα
645 3299 717 3378 περί
736 3320 767 3358 τε
790 3300 843 3376 τη“ν
862 3296 1010 3374 μάθησιν
1031 3293 1084 3356 τοῦ
1106 3293 1185 3351 καθ’
1206 3293 1336 3353 έκαστον
1359 3298 1412 3352 καὶ
1435 3300 1506 3373 περὶ
1527 3299 1582 3376 τὴν
1597 3294 1724 3370 δίδαξιν
1747 3297 1929 3376 κάμνοντας

344 3399 474 3458 οἴκοθεν
497 3396 514 3459 δ
537 3401 666 3480 μάρτυς,
688 3402 788 3480 φασί·
812 3397 988 3477 προσθήσω
1012 3395 1041 3457 δ’
1063 3394 1109 3456 δτι
1133 3400 1187 3455 καί
1208 3396 1290 3456 οἴκοι
1314 3400 1366 3454 καί
1389 3395 1447 3477 ἀφ’
1468 3396 1572 3470 ἑστίας
1586 3399 1660 3460 ἰυόυ
1674 3399 1928 3483 ἐκηληρωθῇυας

344 3501 378 3562 τδ
401 3499 486 3576 δέον,
517 3499 573 3567 ούκ
602 3500 725 3584 α’νάγκη
754 3503 791 3564 τά
824 3503 978 3580 θύραθεν
1009 3498 1107 3580 ζητεῖν
1137 3503 1190 3557 καί
1220 3497 1434 3576 μεταδιώκειν.
1524 3500 1588 3573 ὃτίς
1617 3503 1677 3583 γάρ
1705 3502 1760 3569 οῦκ
1782 3503 1849 3565 οἰδε
1872 3507 1929 3565 τδν

344 3601 493 3686 ἡμέτερον
514 3607 624 3666 τοῦτον
647 3606 784 3688 ἡγεμόνα
807 3609 859 3664 καί
882 3602 1050 3686 κηδεμόνα,
1084 3603 1137 3663 τδν
1159 3602 1287 3662 πάντων
1307 3602 1477 3682 μαρτύρων
1498 3603 1694 3682 ἐξοχώτατόν
1716 3629 1747 3667 τε
1769 3611 1823 3666 καὶ
1843 3628 1930 3681 γνω-

345 3711 525 3788 ριμώτατον,
547 3704 582 3768 τό
605 3709 686 3785 μέγα
709 3709 797 3786 παρά
821 3709 900 3768 πάσι
923 3709 976 3765 καί
998 3704 1169 3786 διαβόητον
1191 3705 1304 3784 ὄνομα,
1328 3705 1360 3766 τδ
1378 3708 1493 3785 θαῦμα
1515 3706 1548 3768 τὸ
1565 3706 1705 3794 καητέχον
1728 3711 1783 3790 την
1825 3710 1930 3775 .295²

345 3811 533 3893 οἰκουμένην
555 3816 608 3871 καί
630 3808 710 3892 ὑπὲρ
733 3812 788 3883 τὰς
810 3809 947 3891 νεφέλας
969 3807 1141 3889 αἰρόμενον
1162 3811 1205 3891 τῷ
1220 3810 1350 3887 μεγέθει
1372 3810 1424 3888 τῆς
1440 3809 1543 3889 δόξης,
1566 3805 1605 3871 οδ
1616 3810 1722 3873 πολλὰ
1737 3816 1791 3872 καὶ
1802 3812 1930 3891 μεγάλα

344 3918 383 3976 τοὶ
406 3918 485 3976 κατά
508 3913 682 3996 βαρβάρων
704 3917 931 3993 νεανιεύματα,
964 3911 1061 3974 πλείω
1084 3910 1119 3973 δὲ
1150 3915 1203 3971 καί
1226 3911 1430 3994 λαμπρότερα
1453 3912 1490 3974 τοὶ
1514 3914 1594 3974 κατά
1618 3913 1783 3992 δαιμόνων
1803 3910 1931 3995 α’νδρα-

343 4018 538 4101 γαθηματα,
562 4025 596 4082 οἰ
615 4024 668 4080 καί
691 4021 801 4079 πᾶσαν
820 4016 931 4098 ἑτέραν
955 4015 1063 4096 χώραν
1085 4015 1119 4076 τδ
1142 4015 1305 4098 τηνικάδε,
1335 4018 1390 4096 την
1411 4017 1491 4078 καθ’
1515 4013 1598 4098 ἡμᾶς
1619 4016 1655 4077 δὲ
1676 4017 1813 4094 μάλιστα
1836 4017 1931 4099 ιη’νδε

344 4124 464 4195 κνίσαις
495 4128 548 4183 καί
578 4120 733 4194 σπονδαῖς
765 4122 976 4199 κατεμίαινον,
1008 4121 1087 4199 πρός
1116 4118 1171 4191 οῦς
1200 4117 1217 4180 δ
1247 4120 1404 4194 γεννάδας
1434 4118 1494 4202 η’δη
1523 4124 1635 4200 χωρών
1671 4126 1725 4180 καὶ
1759 4121 1839 4180 κατά
1876 4125 1933 4202 τῦς

344 4224 489 4302 α’σεβείας
512 4224 586 4297 ῦλος
609 4224 799 4306 φερόμενος,
823 4221 998 4288 κάντεῦθεν
1020 4220 1075 4300 οῦχ
1097 4221 1205 4302 η’κιστα
1227 4226 1283 4305 την
1300 4221 1401 4305 δρμην
1416 4221 1616 4304 ἐπερρώσθη,
1639 4223 1811 4303 συμβαλών
1826 4222 1931 4288 νεύσω

344 4332 491 4410 κρείττονι
512 4333 607 4415 ταύτῃ
628 4330 664 4416 τῇ
686 4329 842 4408 μακαρίᾳ,
877 4329 931 4386 καί
951 4326 1007 4397 τοίς
1029 4327 1137 4404 ψυχάς
1159 4325 1336 4408 ἀμφότεροι
1358 4327 1438 4406 πρός
1460 4323 1618 4406 α’λληλους
1640 4336 1703 4399 τοῖς
1725 4325 1852 4399 οίλύτοις
1875 4331 1932 4389 τοῦ

344 4432 518 4511 πνεύματος
548 4430 674 4510 δεσμοῖς
696 4430 916 4502 συνδεθέντες,
945 4427 1084 4506 μάλιστα
1113 4429 1183 4507 μέν,
1215 4429 1261 4490 ὅτι
1293 4434 1325 4492 τδ
1357 4431 1452 4506 σέβας
1484 4426 1664 4508 ὁμόφρονες
1697 4436 1750 4490 καὶ
1783 4435 1834 4512 τῆς
1862 4433 1932 4514 ἴσης

343 4535 486 4614 έχόμενοι
503 4536 627 4616 περὶτὰ
644 4534 726 4595 καλὰ
744 4536 957 4615 προαιρέσεως
974 4570 1016 4580 -—
1032 4534 1074 4616 τῷ
1089 4529 1149 4612 γάρ
1166 4529 1266 4616 ὁμοίῳ
1289 4538 1301 4611 ί
1304 4533 1397 4615 φασί)
1419 4532 1453 4592 τδ
1466 4529 1577 4609 ὅμοιον
1593 4573 1643 4607 -,
1660 4533 1726 4595 εἰτα
1748 4538 1852 4612 μέντοι
1877 4541 1933 4597 καῖ

344 4637 399 4700 διά
422 4642 541 4720 πρᾶξιν
562 4637 741 4720 κοινωφελῆ
764 4642 816 4698 καί
836 4637 997 4720 σωτήριον,
1021 4632 1057 4718 ἧς
1079 4634 1183 4708 οδδείς
1205 4636 1240 4698 ἐν
1262 4623 1451 4717 άνθρώποις
1474 4633 1607 4718 άμαθης
1629 4635 1695 4701 οὐδ’
1715 4636 1854 4719 οἷνηκοος
1876 4644 1933 4698 καὶ

343 4742 453 4824 πολλαί
474 4765 510 4818 γε
531 4741 658 4820 μᾶλλον
679 4741 781 4819 ῦμεῖς,
814 4739 893 4817 ύπέρ
925 4734 970 4800 ὦν
998 4743 1051 4799 καί
1080 4740 1156 4818 παρ’
1181 4736 1226 4812 οἰς
1248 4740 1281 4802 τδ
1305 4739 1491 4822 περιβόητον
1513 4742 1604 4820 ἔργον
1628 4742 1730 4803 έκεῖνο
1753 4745 1807 4801 καὶ
1831 4741 1933 4804 πολυ-

412 4883 428 4927 4
446 4863 597 4932 θηριωδίαν
615 4863 702 4918 codex
718 4864 755 4930 14
771 4862 876 4931 πέρρωι
895 4860 1002 4926 codex!
1018 4879 1031 4928 5
1052 4861 1212 4912 συνδιίπτιιι
1230 4861 1318 4915 codex
1334 4865 1339 4927 1
1355 4867 1370 4914 6
1388 4862 1432 4915 lua
1450 4880 1473 4929 9,
1492 4881 1506 4914 τ
