4560 6172
341 520 404 586 202
1749 515 1829 581 187
1854 516 1938 585 188

344 695 397 752 καί
421 689 558 762 λλπίζειν
577 691 652 768 παρ’
665 688 756 767 ὑμῶν
778 688 890 768 ἔχομεν
912 687 947 748 έν
970 691 1064 749 παντὶ
1086 690 1129 771 τηί
1149 689 1225 764 μετά
1246 688 1342 750 ταῦτα
1365 690 1478 766 καιρῷ,
1501 687 1589 764 είπερ
1605 708 1632 746 τι
1646 683 1821 764 βούλοισθε
1834 694 1937 746 ποιεῖν

343 792 452 868 δεξιόν
471 797 525 854 καὶ
549 797 619 874 θερί
645 797 699 854 καί
722 790 916 872 ἀνθρώποις
936 787 1150 855 εύαπόδεκτον
1171 793 1224 850 καί
1247 786 1435 868 εύάρεστον·
1456 791 1494 850 τά
1517 787 1554 850 δέ
1576 791 1633 852 νύν
1654 783 1840 869 τηλικαύτης
1862 788 1938 866 παρ’

343 895 477 967 ἐλπίδας
498 895 572 973 ύμῖν
593 893 736 974 εὐτυχίας
759 892 986 975 ἀναφανείσης,
1010 893 1106 954 ὄκνον
1128 890 1330 970 ἀποθέμενοι
1352 889 1459 953 πάνια
1490 895 1544 950 καί
1572 893 1680 972 μηκέτι
1703 892 1783 968 πρός
1805 893 1861 972 τήν
1882 893 1937 953 τού

344 999 530 1078 πράγματος
552 998 741 1074 λλιγγιῶντες
764 996 949 1078 δυσχέρειαν
970 996 1044 1074 μηδ’
1067 993 1110 1067 ῶς
1132 992 1363 1074 ἀκατόρθωτον
1378 991 1462 1065 όλως
1477 996 1498 1076 ή
1512 992 1780 1075 δυσκατόρθωτον
1802 993 1836 1055 τό
1864 997 1936 1056 θει-

343 1102 456 1163 ότατόν
477 1123 509 1162 τε
530 1106 584 1161 καί
605 1102 749 1178 μέγιστον
772 1097 1044 1174 ἀπογινώσκοντες
1064 1098 1224 1180 μάθημα,
1256 1095 1399 1179 σῶφρονί
1421 1117 1480 1158 τινι
1503 1098 1619 1182 κατοχῇ
1640 1100 1694 1155 καὶ
1714 1097 1818 1175 μανία
1840 1098 1935 1178 (κατὰ

347 1205 412 1276 τούς
428 1201 517 1282 ὑμῶν
531 1204 652 1284 σοφούς
668 1204 787 1284 φάναι)
801 1207 881 1282 πρὸς
896 1205 983 1265 τοῦτο
998 1203 1198 1281 κατεχόμενοι
1213 1203 1366 1281 φέρεσθε,
1382 1204 1435 1261 καί
1448 1204 1511 1260 τῶν
1525 1196 1738 1259 ἀτοπωτάτων
1751 1197 1936 1275 λογίσασθε,

345 1305 417 1378 τούς
437 1309 497 1384 μὲν
520 1304 624 1368 πάλαι
646 1307 708 1366 τῶν
731 1308 812 1367 νέων
835 1304 1032 1384 φιλοπόνους
1063 1309 1116 1365 καί
1139 1303 1336 1385 φιλονόμονς
1358 1299 1541 1383 ἀποδημίας
1563 1323 1594 1362 τε
1616 1300 1806 1377 στέλλεσθαι
1827 1302 1936 1364 τούτου

344 1409 439 1487 χάριν
459 1408 597 1487 μακράς,
619 1411 673 1468 καί
695 1409 766 1480 τούς
790 1412 850 1487 μὲν
871 1411 917 1481 είς
946 1410 1000 1490 τήν
1029 1410 1243 1489 πρεσβυτέραν
1264 1403 1388 1488 Ῥῶμην
1419 1405 1570 1484 ἀπαίρειν
1600 1407 1667 1465 κατ’
1695 1405 1796 1484 ἔρωτα
1828 1407 1937 1485 νόμων

345 1509 516 1590 ρωμαῖκῶν
549 1507 748 1590 ἀκροάσεως,
780 1512 851 1584 τούς
881 1510 917 1573 δὲ
946 1513 982 1596 τῇ
1012 1513 1176 1593 Βηρυτίων
1204 1507 1389 1594 έπιήδημεῖν,
1427 1509 1512 1570 ἔνθα
1539 1512 1658 1587 νόμους
1688 1507 1784 1570 διδά-
1858 1511 1937 1577 291²

347 1631 470 1684 σκοντες
484 1610 515 1672 οἳ
527 1614 589 1673 τῶν
611 1617 750 1690 νομικῶν
773 1613 904 1694 ἀνδρῶν
925 1614 1111 1692 ἐξοχώτατοι
1133 1614 1169 1675 έν
1191 1623 1254 1685 τοῖς
1276 1612 1345 1673 ἀνω
1368 1613 1494 1691 χρόνοις
1517 1609 1675 1692 ήκούοντο,
1698 1608 1781 1690 ύμός
1804 1612 1840 1674 δὲ
1861 1613 1936 1694 μηδ’

345 1719 427 1777 οίκοι
450 1721 482 1776 τό
506 1713 609 1777 καλόν
630 1714 759 1793 ἔχοντας
781 1714 957 1780 ἀπολαύειν
980 1717 1106 1778 έθέλειν
1120 1715 1183 1778 ύτιδ
1199 1716 1282 1788 τινός
1299 1718 1443 1795 κακίστης
1458 1711 1657 1792 ἀβελτερίας*
1680 1717 1721 1797 (τί
1742 1719 1804 1793 γὰρ
1827 1717 1871 1777 ἀν
1892 1739 1935 1788 τις

345 1822 450 1897 ἕτερον
472 1816 648 1879 αἰτιάσαιτο
655 1819 701 1900 ς),
732 1815 816 1879 ἀλλά
841 1814 983 1897 πάσχειν
998 1819 1100 1881 έκεῖνο
1123 1823 1155 1881 τό
1177 1817 1321 1898 μυθικύν
1344 1821 1397 1878 καὶ
1420 1814 1578 1896 ὑμέτερον,
1611 1816 1647 1877 έν
1665 1821 1744 1904 μέση
1768 1820 1854 1904 πηγή
1875 1841 1934 1897 χα-

346 1921 434 2004 λεπῷ
457 1919 652 1992 κολάζεσθαι
676 1921 777 2002 δίψει.
872 1921 1061 2003 25μηδαμῶς
1083 1919 1141 1984 ούν
1161 1925 1267 2004 μηκέτι
1290 1920 1345 1983 τόν
1368 1927 1481 1999 καιρόν
1504 1924 1555 2000 τής
1577 1919 1680 1999 ἀκμής
1701 1920 1737 1980 έν
1759 1931 1824 1992 τοῖς
1845 1915 1935 2002 ηἰτον

345 2025 506 2105 χρησίμοις
528 2024 547 2102 ή
569 2026 621 2082 καί
645 2026 851 2085 παντάπασιν
874 2022 979 2103 ἀργῶς
1002 2033 1055 2084 καὶ
1078 2023 1234 2105 ῥᾳθύμως
1256 2022 1440 2084 ἀναλίσκειν
1456 2021 1623 2100 ἀνέχεσθε,
1646 2020 1732 2082 ἀλλά
1756 2023 1811 2103 τήν
1833 2023 1935 2104 καλήν

346 2127 426 2206 πρός
455 2122 614 2205 ἀλλήλους
642 2127 709 2206 ἔριν
730 2125 857 2207 έρίζετε,
891 2132 943 2186 καί
976 2133 1046 2205 περὶ
1076 2132 1128 2208 ιής
1156 2127 1191 2188 έν
1221 2128 1330 2206 νόμοις
1361 2122 1591 2207 εύδοκιμήσεως
1619 2126 1674 2184 τόν
1697 2124 1799 2186 πολύν
1822 2125 1934 2203 ἀγῶνα

347 2233 504 2302 ποιεῖσθε,
527 2231 672 2303 μέγιστον
693 2228 809 2301 ελδότες
832 2229 864 2290 τό
886 2229 1046 2303 ἔπαθλον,
1070 2235 1122 2290 καί
1145 2230 1245 2310 καλήν
1267 2229 1313 2290 ότι
1335 2227 1473 2308 μάλιστα
1495 2228 1550 2308 τήν
1571 2227 1709 2309 ἀμοιβήν
1724 2227 1935 2309 ἐκδεχόμενοι.

345 2334 374 2394 εί
394 2330 456 2411 γάρ
481 2330 518 2412 δή
543 2331 791 2412 σπουδαιότερον
821 2329 1009 2409 ἀντέχοισθε
1032 2336 1085 2395 τοῦ
1106 2330 1316 2411 μαθήματος,
1348 2330 1502 2410 καὶπρὸς
1525 2331 1579 2410 τήν
1600 2328 1708 2393 τούτου
1731 2329 1934 2412 κατόρθωσιν

346 2437 441 2509 ὅλους
462 2435 592 2507 ἑαυτούς
614 2436 811 2508 έπιτείνσιτε,
843 2432 906 2496 ύπδ
930 2443 1068 2516 χρηστῶν
1100 2432 1172 2516 ἡμῖν
1194 2439 1256 2496 τῶν
1277 2432 1418 2496 έλπίδων
1441 2433 1615 2494 θάλπεσθέ
1636 2457 1667 2495 τε
1690 2440 1743 2495 καὶ
1765 2439 1932 2516 τρέφεσθε,

346 2540 388 2612 ῶς
411 2541 468 2601 ούκ
490 2541 534 2610 είς
556 2543 648 2599 κενδν
670 2536 739 2599 οὐδ’
761 2536 807 2611 είς
832 2538 934 2618 μάτην
964 2538 1001 2599 τά
1035 2541 1086 2618 τής
1115 2537 1257 2619 σπουδῆς
1286 2534 1360 2616 ύμῖν
1389 2538 1485 2610 ἔσται,
1517 2536 1587 2598 ἀλλ’
1610 2535 1700 2602 αύτοί
1727 2560 1757 2599 τε
1785 2539 1840 2600 τόν
1861 2544 1934 2616 βίον

346 2640 562 2722 εὐκλεέστερον
586 2640 735 2720 ζήσεσθε,
760 2644 813 2699 καὶ
835 2639 965 2700 πολλῶν
987 2646 1093 2718 μερῶν
1116 2641 1224 2719 ἄρξετε
1247 2645 1298 2721 τής
1315 2640 1661 2722 ήμετέραςηγεμονίας·
1686 2639 1785 2722 δῆλον
1806 2646 1868 2722 γάρ
1891 2639 1935 2714 ῶς

344 2746 413 2817 τούς
435 2747 538 2825 ὄνομα
562 2750 615 2806 καὶ
637 2742 737 2815 δόξαν
759 2742 914 2823 λαμπράν
935 2743 988 2804 έπί
1011 2747 1216 2821 νυμομαθείᾳ
1239 2742 1395 2820 λαβόντας
1416 2747 1469 2803 καί
1486 2741 1502 2824 ή
1517 2743 1663 2822 βασιλεία
1679 2743 1683 2828 ή
1700 2741 1790 2825 ήμῶν
1854 2745 1933 2810 292¹

347 2855 400 2911 καὶ
422 2848 452 2910 οἳ
478 2850 555 2927 μεθ’
579 2846 661 2930 ἡμᾶς
690 2846 740 2909 ἀεὶ
768 2848 1003 2926 βασιλεύσαντες
1033 2848 1262 2926 πρυκρινούμεν
1289 2851 1351 2907 τῶν
1380 2847 1489 2907 ἄλλων
1516 2846 1551 2908 έν
1580 2856 1648 2917 ταῖς
1676 2846 1847 2924 διανομαῖς
1872 2852 1934 2910 τῶν

346 2951 465 3035 ἀρχῶν,
496 2956 550 3011 καί
578 2950 740 3013 ἀντίδοσιν
771 2954 957 3030 πρέπουσαν
985 2947 1059 3028 ὑμῖν
1081 2946 1296 3024 ἀντιδῶσομεν
1317 2953 1369 3031 τής
1391 2948 1520 3028 ἀγαθής
1543 2953 1767 3030 προαιρέσεως.
1855 2950 1934 3024 26ῶς

346 3056 426 3135 πρός
447 3057 586 3118 τοιούτου
609 3052 666 3115 οὖν
692 3057 845 3133 τρέχοντες
866 3055 1017 3134 βραβεῖον
1039 3056 1093 3111 καί
1114 3051 1215 3125 τέλος,
1240 3051 1357 3130 ίσχύετε
1381 3057 1434 3112 καί
1456 3050 1661 3133 ἀνδρίζεσθε,
1685 3059 1738 3114 καί
1760 3064 1828 3126 ταῖς
1849 3055 1933 3116 καλ-

346 3159 462 3229 λίσταις
484 3160 546 3218 τῶν
569 3159 717 3237 πράξεων
739 3164 794 3238 τήν
816 3156 954 3236 πατρίδα
977 3164 1207 3233 κατακοσμεῖιε.
1230 3155 1391 3231 ἐπεύχεται
1409 3153 1444 3217 δὲ
1459 3162 1558 3217 πᾶσιν
1571 3154 1646 3236 ύμῖν
1659 3193 1703 3202 -
1726 3155 1935 3232 διδασκάλοις

344 3261 413 3338 ἀμα
435 3264 488 3320 καὶ
502 3263 665 3341 μαθηταῖς
681 3297 723 3305 -
746 3264 813 3322 πᾶν
836 3259 892 3333 ό,τι
915 3260 1079 3336 κράτιστον
1102 3257 1134 3318 τό
1158 3258 1272 3338 κράτος
1295 3257 1392 3339 ήμῶν,
1418 3270 1579 3340 πατρικοῖς
1600 3259 1786 3338 κινούμενον
1808 3260 1935 3338 σπλάγ-

345 3386 432 3442 χνοις
454 3369 507 3423 καί
529 3368 583 3443 τήν
605 3361 759 3443 ὑμετέραν
782 3363 892 3446 διψῶν
914 3361 949 3423 έν
971 3371 1035 3433 τοῖς
1055 3361 1165 3432 καλοῖς
1186 3360 1397 3444 εὐδοκίμησιν.

433 3446 768 3545 ῊΑόβοιτοιγαρούν
790 3470 890 3546 πέρας
914 3467 1018 3526 αίσιον
1041 3466 1078 3525 τά
1101 3469 1152 3546 τῆς
1175 3463 1325 3544 ήμειέρας
1347 3462 1453 3546 εύχής,
1477 3462 1503 3526 ῶ
1526 3465 1694 3547 φιλάγαθε
1716 3466 1855 3545 πρόνοια
1879 3473 1934 3529 καί

344 3594 399 3651 μοι
422 3572 564 3653 φίλτατοι
587 3569 716 3643 παῖδες,
751 3568 843 3648 ἀχρις
874 3570 916 3628 ἀν
945 3566 1083 3646 ούρανός
1112 3591 1141 3629 τε
1173 3567 1318 3646 διαμένοι
1348 3572 1402 3630 καὶ
1423 3573 1480 3650 γή,
1514 3574 1567 3627 καὶ
1590 3570 1607 3630 ὁ
1633 3572 1819 3648 θαυμαστός
1841 3569 1933 3652 ὑμῶν

345 3669 431 3747 οὗτος
454 3684 632 3754 συντηροῖτο
654 3674 747 3752 χορδς
769 3670 1014 3754 πληθυνόμενος
1037 3670 1087 3729 ἀεὶ
1110 3680 1162 3731 καὶ
1184 3671 1455 3749 μεγαλυνόμενος,
1490 3677 1543 3731 καί
1570 3670 1677 3753 μηδείς
1699 3671 1787 3752 ύμῶν
1809 3672 1932 3756 ἀτελής,

345 3778 453 3859 μηδείς
483 3777 635 3859 ἄχρηστος
664 3775 776 3856 ἐκβαίη
804 3775 878 3856 μηδ’
902 3772 1034 3855 ἀκλεής,
1064 3772 1148 3834 ἀλλά
1179 3777 1330 3850 γένοισθε
1360 3779 1477 3846 πάντες
1504 3773 1618 3838 ὁπόσοι
1648 3778 1680 3837 τό
1714 3776 1815 3839 καλόν
1840 3783 1931 3840 τοῦτο

345 3882 477 3944 στάδιον
498 3884 617 3960 τρέχειν
640 3877 876 3960 φιλοτιμεῖσθε,
910 3876 1037 3958 ζηλωτοὶ
1059 3882 1112 3937 καί
1135 3879 1334 3956 περίβλεπτοι
1357 3887 1539 3959 σιεφανῖται
1563 3883 1615 3937 καί
1639 3885 1776 3962 νικηταί,
1808 3884 1933 3956 γονεῦσι

342 3989 402 4065 μέν
418 3983 510 4060 δόξα,
534 3985 692 4060 συγγενέσι
715 3982 751 4043 δὲ
770 3978 926 4061 καύχημα,
948 3983 984 4066 τή
1006 3979 1151 4058 βασιλείᾳ
1175 3984 1299 4059 κόσμος,
1322 3986 1364 4065 τῷ
1385 3987 1481 4064 κοινῷ
1498 3988 1645 4066 σωτηρία,
1668 3989 1721 4044 καὶ
1743 3987 1865 4066 μεγίστη
1888 4008 1933 4058 τις

344 4087 471 4150 εὔκλεια
499 4097 563 4159 τοῖς
590 4090 653 4147 τῶν
683 4084 874 4165 ἀξιωμάτων
901 4086 1060 4162 βαθμοῖς,
1090 4080 1136 4155 οίς
1166 4085 1340 4166 έμπρέπειν
1371 4083 1454 4164 όμάς
1485 4086 1540 4148 διά
1571 4091 1688 4159 παντὸς
1717 4086 1933 4165 ἐξαιτούμεθα

344 4203 433 4269 παρα·
458 4191 513 4250 τού
537 4191 589 4269 τής
612 4187 708 4269 δόξης
732 4191 823 4263 θεού,
855 4188 930 4267 παρ’
959 4182 997 4247 ού
1027 4190 1081 4246 καί
1110 4188 1206 4251 ιαύτα
1236 4188 1419 4271 πιστεύομεν
1451 4196 1503 4249 καὶ
1528 4192 1637 4251 πᾶσαν
1659 4189 1770 4271 ἑτέραν
1792 4189 1935 4266 ἀγαθῶν

344 4290 516 4373 ἀφθονίαν
547 4288 698 4370 δαψιλῶς
725 4295 778 4351 καὶ
808 4289 965 4361 πλουσίως
995 4289 1257 4371 έπιχορηγεῖσθαι
1291 4295 1367 4372 ύμῖν
1398 4293 1569 4372 οίκτιρμοίς
1600 4316 1630 4354 τε
1663 4300 1717 4356 καί
1745 4294 1850 4375 χάριτι
1880 4300 1934 4377 τής

344 4393 442 4457 αύτού
465 4393 673 4474 ἀγαθότητος.

431 4500 529 4566 188.
573 4496 742 4574 Σάββατόν
763 4501 815 4577 τής
836 4497 1073 4575 μεσονηστίμου.
1107 4495 1171 4561 Τού
1194 4498 1309 4565 αὐτοῦ*
1337 4502 1382 4573 είς
1412 4504 1466 4582 τήν
1485 4503 1612 4583 μνήμην
1634 4507 1686 4582 τής
1708 4499 1796 4573 όσίας
1817 4504 1934 4584 μητρός

344 4602 432 4681 ήμῶν
456 4597 611 4677 Εύσεβίας
633 4604 684 4681 τής
706 4600 741 4661 έν
763 4608 826 4670 τοῖς
849 4596 1024 4677 Εύχαίιοις.

413 4769 444 4813 ²4
460 4747 615 4816 α’μελτηρίας
632 4765 721 4818 apogr
737 4752 741 4815 Ι
757 4768 773 4801 o
791 4747 1011 4803 studemundius
1036 4747 1167 4804 dubitare
1194 4767 1222 4804 τε
1248 4753 1344 4805 monet
1368 4752 1462 4805 utrum
1487 4771 1530 4804 του
1550 4772 1628 4806 αυτυυ
1647 4755 1714 4806 ante
1733 4760 1865 4821 σαββατυν
1884 4773 1933 4824 ρο·

343 4819 427 4873 situm
447 4820 570 4873 voluerit
589 4819 722 4874 librarius
740 4838 776 4874 an
795 4824 859 4890 post
876 4835 1069 4890 μεσονηστιμαυ
