4560 6172
202 540 288 607 188
1717 540 1775 605 157

200 708 362 789 μεγαλεῖα.
394 713 630 790 μακαρίσωμεν,
655 710 845 790 ἄνθρωποι,
866 709 922 791 τήν
942 715 997 774 τοῦ
1020 710 1159 774 πλόστου
1181 714 1316 794 μητέρα,
1343 711 1377 784 έξ
1401 703 1436 791 ής
1459 707 1476 791 ή
1499 714 1553 775 τοῦ
1575 711 1780 790 πλόσμαιοςί

202 816 255 874 καί
276 811 464 895 άνόρθωσις
485 819 539 876 καί
560 813 776 886 α’νάπλασιςῑ.
808 811 954 898 άψευδής
982 818 1070 880 τοῦτο
1093 814 1262 899 πρόρρησις
1284 817 1394 897 ταύτης
1415 820 1467 896 τής
1487 815 1624 898 μεγάλης
1647 815 1777 898 προφή-

200 916 317 996 τιδοςί,
340 915 404 980 ύπδ
425 921 530 1001 πάσης
550 917 699 1000 εἰπούσης
720 917 1025 999 μακαρισθήσεσθαι
1046 922 1155 995 γενεᾶς
1163 919 1181 982 ¹.
1203 918 1451 1000 μεγαλοπρεπῶς
1465 923 1524 995 μὲν
1539 916 1596 984 ούν
1611 925 1664 981 καὶ
1680 918 1778 995 α’ξίως

203 1028 313 1101 πρῶτα
340 1025 400 1102 μέν
429 1020 484 1086 ὑπ’
514 1021 700 1086 αὐτῶντῶν
722 1021 888 1102 άχράντων
909 1020 1098 1100 εὐαγγελίων
1126 1024 1181 1084 τόν
1202 1025 1365 1103 πρέποντα
1388 1022 1544 1104 λαμβάνει
1566 1026 1778 1105 μακαρισμόν,

202 1127 281 1207 πρός
301 1127 356 1188 τόν
377 1124 517 1188 έαυτῶνί
539 1126 593 1207 ἐφ’
615 1123 744 1209 ἑκάστης
766 1125 919 1208 δεσπότην
942 1125 1169 1204 α’ναχίοούντων1
1194 1130 1350 1208 Μακαρία
1381 1125 1398 1209 ή
1421 1127 1525 1190 κοιλία
1549 1125 1566 1208 ή
1590 1128 1778 1207 βαστάσασά

202 1246 236 1292 σε
248 1235 301 1290 καὶ
316 1236 427 1307 μαστοὶ
443 1231 498 1303 οὓς
510 1229 689 1312 έθήλασας·
717 1230 781 1292 εἶθ’
797 1226 858 1293 ύπό
874 1233 986 1292 πασῶν
997 1235 1123 1307 γενεῶν,
1140 1228 1182 1303 ῶς
1198 1227 1215 1313 ή
1231 1229 1469 1312 προαγόρευσις,
1486 1230 1545 1314 ήδη
1559 1231 1562 1316 ή
1576 1243 1633 1292 τεΠΙ
1698 1233 1777 1297 216²

200 1334 447 1415 μεμακάρισται,
483 1338 534 1394 καί
556 1333 601 1406 εἰς
621 1334 675 1395 τόν
697 1333 803 1396 αἰῶνα
824 1337 1109 1417 μακαρισθήσεται.
1154 1333 1415 1414 50μοιιιαριζέσθω
1450 1336 1554 1396 τοίνυν
1588 1332 1646 1414 οόχ
1668 1334 1776 1412 ήκιστα

204 1443 257 1500 καὶ
280 1442 336 1504 νῦν
358 1441 433 1518 παρ’
456 1437 554 1520 ήμῶν,
584 1441 637 1499 καὶ
659 1439 713 1498 τὸν
735 1436 945 1519 ὀφειλόμενον
966 1438 1083 1518 ε’ρανον
1111 1437 1146 1499 έκ
1167 1443 1222 1503 τοῦ
1250 1439 1329 1499 καθ’
1352 1435 1435 1521 ήμάς
1457 1437 1528 1518 όρτι
1549 1442 1659 1516 γένους
1681 1439 1776 1503 άνεν-

202 1541 280 1615 δεῶς
295 1540 535 1623 έκπληρούσθω.
559 1540 628 1604 δότε
644 1539 721 1629 αὐτή
736 1538 803 1602 α’πύ
819 1543 945 1622 καρποῦ
959 1540 1087 1620 χειλέων
1103 1540 1205 1625 αύιής,
1227 1539 1246 1624 ηι
1261 1544 1345 1624 σοφή
1360 1545 1540 1621 παροιμίαῦ
1562 1545 1642 1606 κατά
1664 1546 1777 1626 καιρόν

200 1645 277 1731 ήμίν
299 1645 488 1723 έγκελεύεται
502 1684 537 1695 -
562 1643 656 1718 αὐτός
677 1645 712 1706 δέ
735 1647 798 1706 άνθ
819 1647 937 1725 εἴποιμι
959 1645 1093 1725 μᾶλλον,
1116 1643 1183 1708 α’πδ
1206 1649 1329 1727 καρποῦ
1351 1644 1473 1718 κοιλίας
1495 1645 1587 1729 αύτής
1606 1686 1652 1723 -,
1669 1653 1722 1708 καί
1735 1647 1777 1710 δι’

201 1749 345 1829 εὐλογίας
367 1748 495 1832 ἀπάσης
519 1750 535 1830 ή
556 1747 748 1831 εὐλογημένη
769 1750 934 1831 γεννήτρια
956 1753 1008 1832 τής
1029 1749 1174 1824 εδλογίας
1195 1745 1338 1827 όγέσθω.
1365 1747 1409 1833 μή
1438 1772 1483 1823 τις
1511 1749 1671 1830 άγνοίμων
1699 1752 1775 1814 ἔστω

202 1861 273 1936 περὶ
294 1856 350 1934 τήν
371 1852 563 1934 εόεργέτινΡ·
597 1855 663 1935 ιΙμή
690 1875 734 1927 τις
762 1851 938 1937 ὑπερόπτης
964 1857 1017 1936 τής
1047 1852 1226 1931 βασιλίδος·
1255 1853 1300 1936 μή
1329 1875 1373 1927 τις
1400 1851 1563 1933 όλιγῶρως
1592 1855 1674 1935 ἔχων
1696 1857 1775 1936 πρός

196 1963 256 2043 τήν
278 1958 460 2021 δεσπότινῑ·
495 1955 579 2019 α’λλά
610 1958 726 2028 πάντες
754 1956 824 2034 άμα
856 1961 909 2018 καί
937 1960 1039 2018 πόσαι
1067 1958 1143 2036 μετά
1171 1960 1224 2020 τοῦ
1247 1959 1457 2040 προσήκοντος
1479 1960 1600 2037 κόσμου
1622 1962 1702 2042 πρδς
1724 1960 1776 2042 τήν

201 2063 370 2147 πάνδημον
394 2064 505 2145 ταύτην
526 2059 635 2143 ἑορτήν
657 2059 917 2143 άπαντήσωμενθ,
953 2066 1006 2123 καὶ
1035 2065 1091 2125 σῦν
1112 2060 1265 2144 α’λλήλοις
1287 2062 1369 2140 ύμοῦ
1391 2060 1645 2144 φαιδρυνθῶμεν
1669 2085 1775 2147 πανη-

199 2167 379 2246 γυρίζοντες,
401 2165 546 2229 πλούσιοί
566 2187 597 2226 τε
619 2169 673 2225 καὶ
696 2168 832 2247 πένητες,
853 2163 972 2248 ὑψηλοί
993 2188 1023 2228 τε
1044 2170 1098 2227 καὶ
1118 2168 1277 2240 ταπεινοί,
1311 2161 1403 2246 ἲερεϊς
1424 2170 1478 2227 καὶ
1499 2165 1587 2241 λαός,
1608 2166 1779 2245 μοναδικοὶ

199 2278 253 2334 καί
274 2266 415 2351 μιγάδες,
439 2270 516 2331 όσον
537 2270 573 2331 έν
595 2269 756 2349 όρχοοσιν,
778 2267 855 2332 όσον
870 2269 906 2332 έν
919 2267 1117 2350 άρχομένοις,
1140 2268 1217 2332 ὅσον
1241 2270 1276 2333 ἰν
1291 2266 1460 2350 α’νδράσιν,
1483 2269 1560 2332 ὅσον
1574 2269 1610 2332 έν
1623 2273 1777 2346 γυναιξίν.

290 2372 421 2436 51Ἀλλά
442 2374 558 2453 μεταξύ
579 2373 701 2450 λέγοντί
720 2395 774 2452 μοι
797 2375 972 2452 προσέπεσέ
993 2396 1020 2436 τι
1040 2376 1102 2436 τῶν
1125 2372 1318 2456 ἀβουλήτων,
1346 2372 1472 2452 μᾶλλον
1494 2373 1530 2436 δέ
1551 2374 1613 2436 τῶν
1633 2397 1668 2463 τη
1691 2376 1776 2450 τάξει

199 2480 399 2566 μαχοήμένων
419 2483 471 2559 τής
493 2478 625 2557 φύσεως.
657 2475 692 2538 αἲ
712 2477 774 2557 γάρ
796 2499 835 2554 με
855 2488 1001 2554 γυναῖκες
1022 2478 1165 2541 ἐνταῦθα
1187 2476 1404 2541 πλεονεκτοῦσι
1434 2483 1487 2539 καὶ
1509 2477 1632 2551 α’ξιοῦσι
1698 2478 1775 2542 2171

201 2581 390 2664 πρωτεύεινί
414 2618 452 2628 -
473 2582 518 2654 είς
538 2603 573 2657 γε
595 2583 682 2644 τοῦτο
703 2581 736 2641 τό
758 2585 854 2661 μέρος
876 2619 917 2630 -
939 2582 1030 2663 ήμῶν
1051 2586 1113 2644 τῶν
1141 2579 1282 2662 α’νδρῶν,
1313 2579 1358 2654 οἰς
1386 2583 1420 2643 τὸ
1450 2582 1559 2663 ἄρχειν
1588 2579 1693 2643 αύτῶν
1722 2586 1776 2644 καὶ

202 2693 363 2766 πανταχοῖ
398 2687 628 2765 προκεκρίσθαι
658 2685 676 2766 ή
706 2708 737 2745 τε
765 2687 858 2765 φύσις
886 2684 987 2748 πάλαι
1016 2684 1164 2749 α’πέδωκε
1192 2690 1246 2747 καί
1275 2685 1293 2748 ό
1322 2687 1377 2769 τήν
1406 2683 1504 2769 φύσιν
1534 2684 1778 2768 δημιουργήσας.

200 2795 238 2853 τά
261 2793 315 2855 τοῦ
335 2792 444 2867 γένους
465 2792 540 2864 γοῦν
562 2788 672 2850 δίκαια
695 2788 800 2850 πολλοὶ
824 2791 901 2868 παρ’
915 2787 1034 2864 αύταϊς,
1059 2794 1111 2850 καὶ
1132 2793 1329 2873 βοηθεῖσθαι
1352 2788 1480 2853 δοκοῦσι
1503 2789 1711 2868 πανταχόθεν
1732 2790 1777 2864 εἰς

200 2898 256 2978 τήν
276 2898 469 2976 προτίμησιν.
499 2889 555 2971 ούχ
577 2888 666 2973 ἧττον
686 2897 746 2970 μέν
767 2915 794 2954 τι
817 2891 986 2955 κόκετναιιι
1015 2895 1093 2974 πρὸς
1121 2893 1236 2966 ἑαυτάς
1267 2891 1513 2967 στασιάζουσινί,
1549 2891 1584 2953 αἰ
1614 2895 1776 2972 παρθένοι

200 3003 280 3081 πρός
301 3001 357 3069 τός
377 3000 528 3081 μητέρας,
561 2992 595 3056 αἱ
624 3000 752 3079 μητέρες
780 3003 861 3077 πρός
889 2999 944 3071 τάς
966 3001 1168 3078 παρθένους,
1205 3001 1258 3058 καί
1280 2996 1511 3079 φιλονεικοῦσιν
1534 2995 1611 3059 όλον
1632 2994 1776 3078 ἑκάτεραι

199 3107 234 3166 τό
257 3104 363 3164 κοινὸν
385 3101 592 3164 ἰδιώσασθαι.
637 3099 760 3162 52οἷλλά
784 3106 911 3175 ταύταις
929 3104 999 3182 μέν,
1018 3102 1048 3163 εἰ
1070 3101 1166 3177 δοκεῖ,
1189 3099 1420 3183 καταλλαγήνῐ
1442 3104 1521 3180 πρός
1533 3098 1675 3184 ἀλλήλας
1690 3099 1778 3185 ήμετς

199 3207 405 3284 έπιτάξωμεν,
438 3207 481 3288 τῷ
502 3207 555 3286 τής
578 3208 711 3288 φυσικῆς
733 3205 877 3279 ἐξουσίας
899 3203 1010 3286 όρθῶς
1030 3207 1220 3289 χρησάμενοι
1242 3205 1329 3288 νόμῳ
1360 3208 1414 3265 καὶ
1440 3206 1496 3286 τήν
1524 3207 1594 3288 ἴσην
1615 3204 1777 3289 ἑκατέραις

200 3308 427 3389 α’πονείμαντες
448 3317 579 3388 μοῖραν·
601 3303 639 3371 ού
661 3309 723 3390 γὰρ
745 3315 835 3372 τοῦτο
856 3308 983 3388 μᾶλλον
1005 3312 1025 3393 ή
1045 3313 1141 3388 τοῦτο,
1166 3308 1236 3372 άλλ’
1248 3310 1297 3371 έπ’
1308 3311 1375 3391 ἴσης
1389 3305 1600 3389 όμφότερα-
1623 3315 1674 3369 καὶ
1692 3331 1776 3390 παρ-

201 3416 298 3487 θένος
309 3418 362 3474 καί
372 3414 470 3495 μήτηρ
483 3450 518 3460 -
542 3411 736 3496 ήτιμωμένη,
760 3417 813 3473 καὶ
829 3417 936 3476 κοινόν
950 3412 1065 3493 δμοίως
1080 3411 1224 3487 άπάσαις
1238 3415 1364 3490 γυναιξὶ
1375 3412 1409 3474 τδ
1424 3411 1648 3492 καλλοίπισμα.
1670 3409 1778 3487 αὐτοῖς

200 3517 229 3580 δ’
252 3516 329 3601 ήμίν
352 3519 432 3597 πρὸς
453 3517 574 3589 έκείνας
595 3518 639 3589 εἰς
662 3515 821 3597 αύθιςῑὴ
853 3519 962 3579 δικαία
991 3519 1072 3597 τάχα
1101 3517 1222 3580 δικάσει
1251 3520 1304 3577 καὶ
1326 3517 1414 3599 κοινή
1437 3516 1607 3590 δέσποινα,
1639 3514 1776 3597 ὁπηνίκα

199 3627 252 3684 καὶ
274 3621 362 3694 ὅπως
383 3617 545 3703 εύδοκήσοι
569 3626 622 3682 καὶ
645 3621 823 3698 δοκιμάσαι.
846 3623 883 3682 τά
909 3621 912 3706 ξ
937 3621 973 3684 δὲ
996 3625 1055 3684 νῦν
1077 3620 1177 3705 (ἑορτή
1201 3624 1262 3703 γάρ
1284 3618 1369 3702 ήμΐν,
1392 3617 1632 3697 οἷλλόύκάγῶν
1697 3622 1776 3686 217²

197 3726 230 3790 τό
254 3726 473 3808 προκείμενον)
494 3725 530 3788 έν
552 3725 684 3812 εἰρήνηῖ
708 3729 977 3807 πανηγυρίσωμεν,
1007 3726 1043 3789 έν
1072 3725 1183 3815 όγοίπη
1215 3732 1482 3809 συνεορτόσωμεν,
1517 3729 1571 3787 καὶ
1597 3728 1652 3808 τήν
1674 3725 1775 3808 καλήν

198 3836 272 3904 τέως
295 3829 436 3910 ἅμιλλαν
458 3832 537 3909 πρὸς
559 3827 718 3911 α’λλήλους
737 3830 806 3910 ἅμα
829 3837 882 3893 καὶ
905 3833 985 3912 πρός
1007 3831 1129 3904 έκείνας
1144 3833 1211 3893 κατ’
1224 3832 1379 3912 ἰσοτιμίαν
1396 3829 1636 3914 ἁμιλληθῶμεν.
1681 3830 1709 3869 ⁵³
1717 3832 1774 3893 αἰ-

198 3941 403 4016 σχυνθῶμεν,
436 3934 566 4015 ἄνδρες,
601 3940 744 4019 φανήναι
773 3939 932 4009 γυναικῶν
960 3933 1107 4008 ἐλάττους
1135 3940 1205 4015 περὶ
1235 3935 1272 3996 τά
1297 3935 1455 4016 κράτιστα,
1479 3938 1532 3996 καί
1552 3938 1585 3997 τό
1609 3940 1775 4016 πρεσβεῖον

198 4037 370 4102 κάνταῦθα
401 4042 454 4120 τής
479 4036 596 4113 τάξεως
622 4037 657 4100 έκ
686 4044 740 4103 τοῦ
769 4040 848 4102 κατά
879 4045 975 4104 ταῦτα
1002 4039 1129 4120 μᾶλλον
1158 4042 1311 4123 πρωτείου
1339 4040 1448 4119 λαβεῖν
1479 4038 1774 4124 φιλοτιμησιύμεθα.

197 4144 376 4226 αἰδέσθητε,
399 4145 544 4224 μητέρες,
576 4143 745 4224 ήττηθήναι
768 4147 959 4224 παρθένων,
991 4141 1041 4216 αλς
1062 4142 1154 4207 αύταί
1175 4143 1229 4205 τόν
1250 4147 1390 4225 νυμφίον
1411 4150 1466 4207 τὸν
1488 4148 1638 4225 καθαρόν
1659 4146 1694 4209 ἐκ
1716 4170 1775 4208 κα-

199 4253 309 4331 θαράς
330 4248 445 4331 μητρός
466 4246 672 4325 έχαρίσασθε.
704 4246 891 4330 αἰδέσθητε,
926 4253 1104 4329 παρθένοι,
1135 4250 1277 4327 μητέρων
1308 4246 1568 4334 α’πολειφθήναι,
1605 4247 1654 4322 αίς
1682 4249 1775 4315 αύταὶ

198 4357 231 4417 τδ
253 4356 358 4437 μηκέτι
380 4355 491 4415 τίκτειν
513 4350 548 4411 έν
569 4348 684 4422 λύπαις
706 4351 842 4414 έδῶκαιε
866 4353 907 4414 δι’
930 4350 1102 4433 α’μωμήτοο
1125 4354 1294 4431 παρθένου
1326 4352 1361 4413 έν
1390 4358 1476 4433 χαρᾷ
1507 4359 1559 4415 καὶ
1587 4357 1691 4436 χαράν
1722 4360 1775 4417 καὶ

196 4460 337 4539 τεκούσης
358 4454 426 4534 ἅμα
450 4462 503 4517 καὶ
527 4456 750 4537 συλλαβούσης.
797 4455 858 4518 54τί
878 4479 930 4534 μοι
956 4453 1130 4517 διατάττειν
1152 4459 1229 4516 καθ’
1251 4459 1365 4518 ἕκαστα
1372 4487 1382 4534 ,·
1405 4459 1480 4518 τίδε
1491 4458 1593 4534 λέγειν
1607 4461 1643 4521 τά
1661 4461 1776 4538 πλείοις

262 4681 450 4753 ]άνιίπλιισις
468 4683 523 4737 add
543 4686 563 4738 C
580 4686 616 4753 Ιη
634 4684 681 4737 καὶ
699 4684 847 4742 ἀνάπλασις
865 4700 909 4736 om
929 4683 1002 4754 Οήλ
1022 4684 1077 4737 Luc
1098 4703 1120 4748 1,
1137 4689 1167 4749 48
1190 4687 1196 4747 Ι
1218 4687 1229 4735 ι’
1245 4684 1338 4753 γενεᾶς
1356 4684 1385 4749 C,
1404 4687 1496 4754 γενεάς
1516 4686 1536 4739 Β
1553 4695 1557 4747 Ι
1579 4687 1596 4737 k
1615 4685 1706 4738 ἑαυτὸν
1725 4685 1748 4740 D

198 4756 281 4809 ἰῐιαυ
302 4775 339 4817 ιι,
358 4773 387 4819 27
404 4759 408 4817 Ι
426 4773 451 4806 ιιι
471 4754 493 4806 ιε’
513 4756 559 4809 OD
575 4766 579 4815 Ι
596 4775 613 4808 ιι
634 4758 754 4811 Proverb
773 4775 812 4822 31,
831 4775 859 4822 31
876 4757 881 4819 Ι
897 4773 913 4805 ο
931 4755 957 4805 δ’
976 4755 1012 4806 δν
1031 4754 1076 4809 OD
1099 4757 1103 4818 Ι
1125 4773 1145 4824 p
1163 4755 1299 4824 εὐεργέτην
1319 4757 1341 4810 D
1358 4758 1362 4826 j
1378 4776 1394 4847 η
1412 4757 1450 4827 μή
1469 4775 1505 4816 τις
1524 4787 1555 4795 -
1575 4757 1710 4823 βασιλίδος
1729 4774 1773 4812 om

195 4827 220 4879 D
235 4832 240 4889 Ι
256 4845 270 4877 r
288 4827 416 4892 δεσπότην
436 4826 460 4879 D
476 4830 509 4891 Ιε
528 4826 717 4899 ἁπαντήσωμεν
732 4826 777 4883 OD
793 4830 799 4894 Ι
815 4834 825 4879 ί
843 4826 1012 4893 πραττόεινῦ
1028 4830 1032 4889 Ι
1049 4845 1067 4878 ιι
1080 4828 1233 4882 κακείναιΟ
1250 4829 1254 4894 Ι
1270 4833 1483 4890 υστοσιαζουσαι
1495 4829 1590 4897 [quid
1610 4829 1747 4900 Lagarde]
1769 4844 1773 4895 Ξ

199 4915 222 4949 ιο
237 4897 386 4968 καταλαγήν
407 4898 431 4952 D
446 4906 451 4960 Ι
466 4916 485 4950 τ
503 4900 542 4951 εἰσ
559 4894 642 4952 αῦθισ
659 4900 713 4966 OD,
731 4901 850 4958 εἰσαῦθις
868 4915 956 4968 apogr
971 4900 976 4965 Ι
990 4916 1008 4966 χ
1028 4898 1113 4968 εἰρήνη
1133 4899 1178 4952 CD
