4560 6172
343 560 403 625 192
1844 563 1934 632 180

342 730 381 794 οδ
403 734 509 816 φυγήν
531 735 551 815 ἤ
572 731 754 806 κατάλυσιν,
784 728 869 793 ἀλλά
902 735 1087 814 στρατηγίαν
1118 730 1218 815 ἡγεῖτο
1249 737 1517 814 πανουργοτέραν,
1550 735 1595 808 είς
1624 735 1828 817 παρασκευήν
1856 754 1929 796 τινα

340 835 467 916 μείζονα
497 839 534 898 τά
561 838 613 920 τῆς
633 832 739 918 μόχης
760 832 990 918 ῦπερθεμένην.
1085 834 1177 898 81διά
1199 839 1288 898 τοῦτο
1312 835 1487 901 κάντεῦθεν
1516 839 1562 901 ότι
1584 841 1678 918 τάχος
1699 838 1929 919 ἐστρατολόγει.

342 946 396 1002 καλ
417 943 472 1013 τάς
494 939 642 1013 ἀπούσας
672 936 823 1017 δυνάμεις
853 938 920 1002 ἀπὸ
953 945 1006 1022 της
1036 938 1120 1023 ἐφάς
1149 938 1348 1016 ἀνεκαλεῖτο,
1382 942 1566 1023 βαρβαρικά
1595 965 1625 1004 τε
1655 944 1870 1023 στρατεύματα
1892 942 1930 1006 ἐκ

343 1044 472 1125 δυσμών
494 1047 548 1106 καί
567 1046 669 1124 βορρᾶ
692 1043 747 1105 διά
768 1043 964 1123 γραμμάτων
985 1043 1090 1119 ἐκίνει,
1115 1044 1118 1103 λ
1144 1049 1197 1104 καί
1213 1043 1415 1123 πανταχόθεν
1438 1050 1561 1130 συνίστη
1584 1049 1638 1128 τη“ν
1657 1050 1710 1127 τῆς
1730 1066 1781 1108 τν-
1847 1047 1928 1112 275ι

345 1148 494 1228 ραννίδος
516 1150 717 1226 καθαίρεσιν,
748 1147 817 1226 ἀμα
847 1150 905 1224 μὲν
933 1151 986 1207 καί
1015 1151 1083 1208 πᾶν
1111 1149 1145 1209 τό
1172 1146 1314 1230 ὑπήκοον
1342 1149 1387 1222 τίς
1413 1151 1446 1212 τδ
1479 1149 1630 1222 παντελές
1659 1152 1929 1230 προθυμούμενος

345 1252 508 1314 ἀπολῦσαι
530 1257 584 1314 τού
608 1250 724 1332 φόβου,
755 1247 824 1326 ἅμα
854 1249 889 1312 δέ
912 1255 965 1310 καὶ
987 1251 1023 1311 τά
1047 1250 1184 1333 δύστηνα
1207 1257 1259 1334 της
1280 1253 1407 1332 οίκτρός
1432 1253 1562 1335 Θρηίκης
1584 1253 1727 1334 λείψανα
1750 1258 1927 1337 περισχίσαι

345 1356 450 1439 ζητῶν,
475 1354 629 1437 ἀγομένης
651 1351 752 1415 πάλιν
774 1356 828 1412 καί
850 1356 1026 1437 φερομένης
1047 1351 1110 1416 ύπύ
1133 1357 1188 1417 τοῦ
1209 1353 1321 1438 ἑαυτῆς
1342 1356 1521 1442 λῃστρικοῦ,
1544 1357 1587 1428 ὡς
1608 1356 1650 1439 μη“
1675 1358 1768 1431 ξένον
1790 1353 1810 1442 ᾖ
1831 1356 1928 1446 ταύτῃ

344 1464 378 1522 τό
401 1463 500 1522 κακόν
520 1457 593 1542 μηδ’
616 1455 783 1538 ἑτέρωθεν,
805 1454 876 1519 ἀλλ’
898 1459 1030 1519 οἴκοθέν
1051 1481 1082 1519 τε
1104 1463 1158 1519 καὶ
1179 1457 1272 1534 ἴδιον,
1296 1463 1414 1521 καίτδν
1431 1459 1552 1542 ἐχίδνης
1566 1462 1687 1540 τρόπον
1702 1460 1740 1520 τά
1757 1459 1926 1540 σπλάγχνα

347 1567 435 1645 παρά
465 1566 528 1625 τών
557 1561 667 1643 ἑαυτῆς
696 1561 838 1636 ἐκγόνων
866 1562 1097 1644 σπαράσσηται.
1208 1561 1325 1646 62πλην
1355 1561 1372 1624 ό
1400 1565 1555 1644 τύραννος
1583 1565 1642 1643 μέν
1668 1565 1746 1643 μειά
1777 1568 1931 1629 τοιούτων

346 1661 580 1746 ἀριστευμότων
603 1666 671 1729 ἀνω
693 1689 724 1728 τε
746 1670 799 1726 καί
822 1667 906 1727 κάτω
929 1664 1147 1746 πλανώμενος,
1170 1664 1212 1740 ώς
1233 1667 1304 1739 τοῦς
1325 1666 1472 1748 νομάδας
1488 1668 1611 1743 λέγουσι
1634 1669 1779 1744 Σκύθας,
1802 1671 1931 1745 ξενικάς

347 1793 434 1844 τινας
456 1772 515 1853 η’δη
538 1774 717 1850 συμμαχίας
738 1774 986 1848 περιεσκέπτετο,
1017 1774 1070 1830 καὶ
1091 1775 1236 1853 μηχανὰς
1257 1773 1461 1851 τειχομάχυυς
1483 1773 1670 1837 τεκτονεόειν
1692 1773 1852 1851 διενοεῖτο,
1875 1780 1930 1836 καλ

346 1878 410 1957 μετ’
432 1874 540 1952 ἀλίγον
562 1872 662 1948 αῦθις
684 1873 812 1958 ἠκούετο
834 1878 914 1954 προς
928 1873 965 1934 τά
982 1872 1054 1955 κη’δε
1068 1873 1195 1952 μέλλων
1210 1873 1363 1949 ἐλαύνειν,
1386 1877 1463 1936 καθ’
1475 1875 1559 1956 άπερ
1572 1879 1704 1955 πυρετός
1717 1875 1929 1959 δποστρέφων

347 1985 367 2064 ἢ
389 1985 515 2061 πνεῦμα
538 1982 678 2064 πονηρόν
700 1985 752 2041 καί
774 1978 974 2058 ἀκάθαρτον,
997 1978 1015 2038 δ
1037 1976 1139 2040 λυθὲν
1160 1977 1218 2063 (ἀς
1239 1974 1396 2064 όλόγος*)
1419 1985 1472 2040 καί
1494 1978 1646 2043 ἀπελθόν
1666 1983 1720 2045 τοῦ
1735 1979 1929 2062 ἀνθρώπου,

347 2085 414 2148 είτα
444 2085 615 2168 πλανηθέν
643 2085 679 2147 ἐν
706 2083 851 2167 ἐρήμοις,
885 2084 964 2164 πρδς
989 2081 1112 2144 ἐκεῖνον
1140 2081 1239 2144 πάλιν
1267 2082 1411 2146 ἐπάνεισι
1439 2084 1618 2165 βιαιότερον
1648 2090 1701 2146 καὶ
1732 2086 1930 2167 θρασύτερον

347 2194 424 2271 μετά
446 2193 509 2252 τών
530 2188 609 2251 ἐπτά
631 2192 683 2272 τῆς
705 2190 858 2271 πονηρίας
880 2184 1077 2265 πνευμάτων,
1098 2188 1200 2248 είτουν
1221 2185 1399 2267 ταγμάτων,
1423 2186 1465 2260 ὥς
1486 2191 1547 2250 τῶν
1569 2187 1647 2251 ἐπτά
1671 2189 1854 2272 δηλούντων
1876 2197 1931 2252 καὶ

349 2295 465 2369 πλείω,
498 2292 536 2356 τά
564 2294 624 2378 τῷ*
656 2295 799 2376 τυράννῳ
829 2291 909 2368 λέγω
931 2288 1207 2371 συστρατευόμενα.
1295 2290 1366 2353 83ἐν
1392 2291 1526 2377 τοσαύτην
1554 2290 1641 2354 δἀῖ
1668 2317 1700 2355 τε
1721 2293 1870 2375 δυνάμεις
1891 2295 1927 2358 ἐκ

353 2399 432 2484 Ιτῆς
454 2400 496 2459 ἐω
519 2400 677 2480 παρῆσαν,
709 2397 746 2459 τά
769 2397 835 2459 ἐκεῖ
855 2394 962 2466 καλώς
984 2396 1136 2473 θέμεναι,
1165 2399 1218 2455 καὶ
1240 2395 1273 2457 τό
1295 2392 1431 2473 ἐγγύθεν
1453 2395 1635 2462 συνείλεκτο.
1658 2395 1784 2459 δσονδ
1849 2398 1930 2464 275²

349 2499 388 2584 ἦν
410 2497 581 2582 ῦπερόριον
602 2502 705 2584 (τοῦτο
727 2499 755 2562 δ’
777 2496 816 2583 η’ν
839 2500 870 2562 τό
891 2498 1102 2582 βαρβαρικόν)
1130 2497 1167 2560 ἐν
1193 2497 1296 2582 ἐξόδῳ
1325 2497 1452 2562 κάκεῖνο
1479 2498 1538 2582 ἤδη
1569 2502 1607 2562 δν
1628 2499 1848 2584 ἀπηγγέλλετο.
1883 2501 1930 2577 οίς

351 2605 430 2667 πᾶσι
452 2608 507 2678 τός
528 2614 635 2685 χεῖρας
655 2600 835 2685 ἐπιρρώσας
856 2599 874 2665 δ
896 2600 1045 2680 βασιλεύς
1070 2601 1205 2683 δωρεαῖς
1233 2625 1264 2664 τε
1292 2602 1445 2680 μεγάλαις
1475 2607 1527 2663 καὶ
1557 2602 1748 2683 ἀξιωμάτων
1778 2605 1928 2686 λαμπρό-

349 2725 415 2792 τησι
444 2710 497 2768 καί
521 2710 686 2779 παντοίαις
707 2704 821 2779 ἀλλοις
842 2702 1105 2787 φιλοφροσύναις,
1134 2702 1214 2787 ῦπέρ
1236 2703 1343 2767 πάντα
1366 2704 1402 2767 δὲ
1423 2704 1561 2785 μάλιστα
1582 2713 1698 2786 χρυσοῦ
1722 2706 1933 2792 καταπλησας

351 2812 603 2897 (φιλοχρήματον
623 2813 684 2890 γάρ
707 2808 924 2892 διαφερόντως
945 2814 1034 2872 τοῦτο
1054 2811 1087 2870 τό
1109 2811 1223 2893 γένος),
1247 2810 1326 2872 οῦτω
1348 2813 1402 2892 την
1422 2812 1565 2893 ταχίστην
1587 2810 1779 2891 προθύμους
1799 2811 1853 2874 ἐπί
1874 2813 1930 2874 τδν

352 2915 463 2993 ἀγώνα
486 2916 648 2995 ἐκπέμπει,
671 2912 807 2987 ύποθείς
826 2917 886 2994 μέν
907 2912 950 2987 όις
972 2914 1084 2994 ἀριστα
1105 2914 1139 2977 τό
1156 2917 1314 2996 πρακτέον
1327 2911 1443 2989 αι’τοῖς,
1467 2913 1623 2996 ἡγεμόνας
1636 2915 1672 2978 δὲ
1687 2915 1933 2999 παρασχόμενος

352 3023 414 3083 τών
435 3024 613 3102 στρατηγών
634 3023 705 3091 τούς
725 3021 904 3099 κρατίστους
933 3023 987 3080 καὶ
1016 3021 1058 3103 τῷ
1088 3023 1180 3080 νικᾶν
1211 3020 1246 3081 ἐκ
1276 3022 1400 3101 μακροῦ
1427 3019 1482 3080 διά
1506 3019 1634 3083 πολλῶν
1661 3020 1797 3096 ἀγώνων
1824 3039 1932 3084 συνει-

354 3126 535 3204 θισμένους.
635 3117 705 3183 ⁸⁴05
732 3124 791 3202 μὲν
818 3118 874 3185 οὖν
905 3120 1039 3210 ἐξῄεσαν
1068 3122 1148 3202 πρός
1175 3121 1281 3206 μάχην
1310 3122 1560 3202 ἐσκευασμένοι*,
1595 3122 1613 3206 ¹⁸1
1637 3123 1673 3185 δὲ
1703 3121 1797 3196 πόλις
1829 3124 1933 3187 πάλιν

354 3230 507 3308 μετέωρος
529 3232 608 3307 πρός
629 3227 662 3287 τό
684 3225 802 3305 μέλλον
822 3224 962 3308 εἱστήκει,
986 3229 1040 3286 καί
1062 3236 1125 3297 τοῖς
1145 3230 1205 3303 μὲν
1228 3226 1358 3299 πολλοῖς
1381 3227 1415 3309 (ἢ
1437 3229 1575 3313 σκαιοῖς)
1598 3229 1633 3290 ἐν
1654 3226 1755 3316 ηδυνη·
1778 3251 1807 3290 τε
1830 3226 1869 3310 ἦν
1890 3230 1929 3290 τά

354 3328 512 3412 δρώμενα,
541 3334 594 3390 καί
616 3332 678 3391 τών
699 3325 888 3391 ἀντιπάλων
916 3331 971 3391 τδν
999 3328 1139 3410 ὄλεθρον
1161 3327 1277 3392 ώσανελ
1298 3332 1527 3412 πραεώρταζον,
1561 3331 1647 3417 αύτῷ
1668 3354 1702 3407 γε
1723 3333 1788 3413 μην
1808 3333 1936 3411 βασιλεῖ

355 3439 493 3508 καὶτοῖς
514 3433 583 3496 ῦσοι
605 3438 666 3496 τῶν
688 3432 798 3495 ἀλλων
819 3433 1036 3513 ἐπιεικέστεροί
1057 3455 1088 3494 τε
1109 3437 1163 3494 καὶ
1185 3436 1395 3516 συνετώτεροι,
1418 3435 1525 3498 δεινόν
1547 3445 1580 3498 τό
1596 3439 1728 3514 πρᾶγμα
1749 3435 1856 3498 ἐδόκει
1878 3442 1932 3497 καὶ

354 3537 413 3617 οδχ
434 3537 522 3611 ὅπως
543 3537 654 3617 χαρᾶς,
677 3535 762 3598 ἀλλά
784 3542 838 3598 καί
860 3535 989 3598 πολλῶν
1011 3536 1145 3616 θρόνων
1166 3537 1270 3612 ἀξιον,
1292 3536 1454 3603 ἐννοοῦσιν
1475 3538 1519 3612 είς
1541 3544 1615 3601 υῖαν
1638 3535 1771 3617 ἀτυχίαν
1785 3541 1934 3601 κατέπεσε

355 3644 388 3705 τὸ
411 3646 492 3721 μέγα
507 3639 681 3728 Ῥωίμαίυις
703 3645 756 3700 καλ
778 3639 927 3718 ἀοίδιμον
951 3640 1088 3723 αὔχημα,
1112 3638 1155 3713 ἀς
1178 3642 1258 3719 πρός
1279 3640 1376 3703 ἑαυτά
1399 3652 1567 3722 συμπεσεῖν
1586 3642 1790 3717 συναναγκά-
1854 3643 1934 3707 2761

356 3745 468 3819 ζεσθαι
496 3741 533 3806 τά
565 3744 777 3826 στρατεύματα
807 3750 860 3806 καὶ
889 3747 960 3817 τοῦς
989 3754 1162 3824 συμμαχεῖν
1190 3744 1349 3818 εἰωθότας
1379 3751 1432 3807 καὶ
1461 3747 1660 3819 συνασπίζειν
1688 3745 1839 3828 ἀλληλοις
1868 3749 1935 3808 κατ’

356 3847 507 3930 ἀλλήλων
528 3851 630 3929 αλρειν
650 3852 688 3912 τά
711 3849 797 3912 όπλα
812 3854 865 3911 καί
880 3858 1098 3931 χριστιανικυῖς
1113 3853 1236 3929 αίμασι,
1260 3851 1340 3928 πρός
1355 3850 1390 3912 δὲ
1406 3854 1458 3912 καὶ
1471 3861 1661 3927 συγγενικοῖς
1675 3889 1717 3898 -
1739 3855 1937 3931 χριστιανοδς

357 3961 417 4035 φεῦ
440 3951 699 4034 ἀνθρώπους-
721 3957 776 4027 τάς
797 3953 903 4029 δεξιάς
925 3954 1109 4029 ἐπείγεσθαι
1131 3958 1265 4033 χράναι,
1298 3954 1355 4036 τήν
1385 3978 1416 4017 τε
1444 3955 1608 4033 βασιλείαν
1637 3955 1690 4036 ἐφ’
1713 3953 1826 4032 ἑαυτὴν
1846 3979 1936 4036 μερι-

357 4059 511 4120 σθεῖσαν*
532 4058 725 4122 κινδυνεύειν
747 4057 806 4141 ἤδη
828 4059 861 4121 τά
885 4058 964 4140 μηδὲ
987 4062 1105 4139 στῆναι,
1127 4060 1206 4118 καθ’
1228 4056 1251 4118 ἀ
1273 4074 1369 4140 φησιν
1390 4058 1408 4142 ἢ
1431 4058 1590 4136 ἀλήθεια,
1626 4057 1724 4140 αύτην
1745 4056 1800 4141 ὑφ’
1822 4057 1936 4141 ἑαυτῆς

359 4153 488 4224 πάντων
510 4164 652 4240 αἴσχιστα
675 4162 924 4245 δαπανηθεῖσαν
944 4165 964 4244 η’
985 4165 1209 4241 συντριβεῖσαν,
1245 4166 1382 4237 καὶτοῖς
1404 4164 1512 4226 ἔθνεσι
1533 4162 1653 4239 γέλωτα
1674 4168 1833 4224 κινεῖσθαι
1855 4165 1939 4244 πρὸς

357 4272 455 4329 ταῦτα
478 4271 531 4326 καί
554 4267 675 4348 πολλήν
698 4265 827 4349 ἡδονήν,
859 4271 922 4328 τών
951 4271 1025 4346 πρὶν
1055 4262 1162 4338 αῦτοῖς
1194 4269 1342 4347 φοβερῶν
1374 4267 1428 4329 ὑπ’
1451 4265 1600 4348 ἀλλήλων
1631 4266 1712 4329 οῦτω
1734 4273 1936 4349 συμφθειρο-

357 4375 472 4450 μένων.
495 4369 578 4443 όλως
597 4394 628 4432 τε
649 4374 704 4455 τῆν
726 4376 814 4455 νίκην
835 4369 875 4434 αδ
897 4373 993 4452 νίκην,
1018 4368 1089 4431 ἀλλ’
1110 4364 1202 4451 η’τταν
1225 4375 1373 4453 φανερῶς
1393 4369 1632 4450 ὑπελάμβανον,
1661 4376 1715 4432 καὶ
1736 4374 1939 4453 περιειστήκει

359 4475 476 4555 τρόπον
498 4475 567 4536 τινά
591 4475 629 4536 τό
651 4482 702 4558 τῆς
723 4479 798 4549 τέως
820 4475 973 4555 δοκούσης
996 4470 1145 4553 εῦπορίας
1171 4473 1216 4545 είς
1246 4473 1399 4555 ἀπορίαν.
1496 4473 1586 4536 66διά
1609 4479 1697 4537 τοῦτο
1720 4479 1773 4536 καί
1796 4475 1895 4536 πάλιν
1918 4501 1936 4556 η

359 4582 524 4662 καταφυγή
559 4581 639 4659 πρός
671 4578 762 4656 θεόν,
792 4582 846 4661 τη“ν
874 4579 971 4651 όντως
1000 4575 1177 4659 εῦμόχανον
1200 4581 1318 4660 σοφίαν
1339 4580 1392 4637 καί
1414 4576 1671 4653 πολυποίκιλαν*,
1704 4584 1759 4640 καί
1779 4577 1880 4641 πάλιν
1904 4576 1941 4642 αἱ

361 4688 442 4746 θεοῦ
464 4687 639 4766 θεραπεῖαι
662 4691 715 4746 καὶ
736 4685 889 4747 λιτανεῖαι
912 4685 990 4744 κατά
1014 4681 1120 4745 πάντα
1142 4679 1261 4763 τρόπον
1281 4704 1312 4743 τε
1335 4685 1388 4742 καὶ
1409 4680 1507 4742 τόπον
1528 4681 1730 4760 τελούμεναι,
1762 4684 1821 4755 ἐως
1843 4682 1940 4746 δώσει

359 4789 452 4853 λύσιν
473 4791 591 4864 ἐκεῖνος
613 4794 667 4853 καλ
688 4788 800 4871 ταύτης
820 4794 871 4870 τῆς
893 4786 1042 4869 ἀπορίας,
1066 4785 1168 4871 ῥᾷστα
1190 4786 1295 4849 πάντα
1319 4782 1497 4864 δυνάμενος
1515 4786 1598 4870 λόγῳ
1611 4786 1701 4868 μόνῳ
1723 4790 1777 4847 καί
1798 4786 1942 4867 νεύματι.

432 4917 463 4966 ⁶2
481 4913 574 4967 Μετέλλα
594 4932 631 4978 ιτ,
649 4931 744 4980 43-45
762 4913 767 4977 Ι
783 4916 813 4966 62
830 4911 882 4964 τόν
898 4926 988 4980 apogr
1003 4908 1007 4980 Ι
1024 4915 1055 4975 64
1072 4909 1259 4980 τῦκευασμένοι
1277 4908 1363 4965 codex
1380 4907 1432 4978 164
1449 4910 1541 4964 Matth
1562 4930 1599 4972 ιτ,
1617 4928 1646 4978 25
1663 4912 1712 4978 165
1733 4909 1825 4981 Ephoe
1843 4930 1867 4981 3,
1887 4929 1916 4963 10
