4560 6172
510 489 551 553 78

508 650 606 730 σ’λίγα
629 657 684 714 καὶ
704 652 841 717 στέλλειν
863 659 917 716 καὶ
938 655 1149 730 ἐπιστέλλειν,
1182 658 1224 718 ἵν’
1247 654 1267 743 ᾗ
1290 658 1455 720 πάντοθεν
1477 658 1652 741 σύμφωνον
1673 658 1707 720 τδ
1736 662 1870 739 πρᾶγμα
1897 661 1979 742 πρός
1997 659 2117 740 ἑαυτό,

511 762 564 818 καὶ
585 760 619 818 τὸ
642 757 719 818 όλον
740 767 803 829 τοῖς
824 761 952 839 μέρεσιν
973 759 1120 848 έμπρέπη
1144 759 1185 821 δι’
1209 758 1389 841 ὁμοιότητα.
1433 761 1610 841 4μαρτυρεῖ
1638 774 1688 822 σοι
1717 765 1798 834 γσύν
1830 765 1868 824 τοὶ
1903 757 2048 845 παρόντα
2071 769 2105 827 τδ

511 858 594 940 ήθος
615 864 668 924 τοῦ
691 860 799 943 φίλου,
822 859 945 924 ὁπόταν
960 861 1016 927 οὐκ
1030 863 1170 945 ὤκνησεν
1185 861 1355 952 ούδὲρπρὸς
1371 867 1405 925 σὲ
1422 867 1478 929 νῦν
1492 869 1621 928 τοιαῦτα
1634 866 1700 926 κατ’
1715 865 1816 946 ἄμφω
1830 866 2106 948 μικρολογεϊσθαι,

512 963 567 1025 τόν
588 961 706 1043 δμοίως
729 969 781 1024 καὶ
804 963 981 1042 λέγεινκαὶ
1005 965 1184 1046 δωρεῖσθαι
1207 966 1318 1030 πολύν.

598 1068 692 1134 1112.
725 1090 778 1146 μγ.
815 1071 931 1135 1Πάνυ
960 1070 1068 1134 πάλαι
1098 1068 1237 1153 διψῶντί
1257 1093 1313 1149 μσι
1337 1073 1408 1149 περὶ
1430 1074 1488 1133 σού
1510 1072 1634 1149 μαθεῖν
1656 1092 1682 1131 τι
1705 1071 1839 1152 χρηστόν
1861 1070 2038 1155 πρσσκσρής
2059 1095 2106 1146 τις

511 1168 620 1245 ἔδοξεν
642 1168 770 1251 ὕστερον
792 1171 810 1234 ὁ
838 1180 890 1257 τῆς
911 1180 1038 1256 γραφῆς
1060 1173 1221 1253 κσμιστής,
1244 1183 1312 1246 ταῖς
1335 1169 1418 1253 ύπὲρ
1442 1177 1498 1236 σού
1520 1173 1656 1247 πολλαῖς
1677 1172 1848 1258 εὐφημίαις
1869 1175 1925 1248 τάς
1946 1175 2027 1254 έμάς
2048 1190 2109 1238 συ-

511 1275 608 1351 νεχῶς
629 1278 789 1356 περιηχῶν
811 1273 923 1350 ἀκοάς,
946 1282 1001 1338 καὶ
1023 1275 1078 1340 οὐκ
1101 1274 1212 1348 ἀνιείς,
1234 1276 1271 1340 οὐ
1294 1282 1495 1356 παυόμενος,
1519 1273 1557 1340 ού
1578 1277 1693 1354 λήγων,
1718 1277 1757 1343 ού
1781 1281 1921 1353 σιωπῶν,
1944 1280 2004 1351 έως
2025 1280 2103 1359 παρ’

508 1374 599 1458 ήμῶν
621 1375 842 1462 ἀπεπέμφθη,
873 1389 942 1454 ταίς
964 1384 1143 1459 παρούσαις
1165 1377 1288 1453 όλίγαις
1308 1380 1519 1463 ἐφοδιασθεὶς
1548 1378 1740 1460 συλλαβαῖς,
1774 1381 1870 1461 χάριν
1895 1383 1957 1460 μέν
1978 1398 2028 1443 σοι
2049 1402 2101 1444 νε·

508 1483 641 1560 μούσαις
670 1487 723 1564 τής
751 1482 811 1564 ήδη
838 1488 909 1563 περί
936 1486 1045 1547 τοῦτον
1072 1481 1212 1555 εὐνοίας,
1247 1484 1471 1556 διανιστῶσαις
1500 1481 1537 1544 δέ
1566 1499 1599 1545 σε
1632 1485 1712 1563 πρός
1741 1484 1784 1546 ἔτι
1814 1487 2015 1565 θερμοτέραν
2045 1488 2100 1545 καί

511 1585 653 1648 πλείονα.
700 1584 871 1667 2μαρτυρῶ
890 1587 953 1668 γάρ
976 1584 1019 1658 ῶς
1041 1585 1131 1659 ἀξισς
1148 1583 1174 1665 ᾧ
1188 1584 1297 1673 χαρίζῃ
1312 1587 1367 1657 τάς
1382 1584 1515 1666 δωρεάς,
1540 1586 1612 1662 ὅσγε
1625 1584 1790 1660 τοσαύταις
1804 1587 1892 1649 σίδεν
1907 1586 2102 1667 ἀμείβεσθαι

509 1688 579 1763 τσὺς
598 1687 633 1753 εύ
655 1691 826 1762 ποιοῦντας
848 1688 944 1753 αὐτὸν
965 1677 1177 1760 εὖλσστίαις·ὶῦ
1194 1692 1248 1748 καὶ
1262 1687 1430 1763 εύλογίαις.
1478 1687 1587 1750 8ἀλλά
1603 1711 1658 1770 μσι
1674 1696 1728 1750 καί
1739 1694 1849 1754 τοῦτον
1865 1688 2102 1773 ἀφθονώτερον

509 1794 670 1876 ἔμπλησον
691 1792 910 1879 παντοΙδαπής
932 1789 1099 1875 ἀφελείας,
1122 1793 1176 1873 ἐφ’
1201 1789 1245 1864 σίς
1268 1791 1372 1880 χρῄζει
1386 1792 1537 1872 μάλιστα,
1562 1796 1617 1854 καὶ
1632 1792 1711 1855 δι’ἀ
1733 1795 1810 1873 παρ’
1827 1790 1955 1877 ἡλικίαν
2043 1794 2102 1860 88¹

508 1902 661 1977 χειμῶνος
682 1899 737 1977 τήν
759 1901 839 1978 πρός
861 1894 944 1978 ήμάς
966 1894 1113 1975 ὑπέμεινε
1135 1895 1341 1970 στείλασθαι,
1376 1901 1433 1957 καί
1460 1907 1524 1970 τοῖς
1554 1895 1665 1969 ἀλλοις
1694 1895 1730 1957 δὲ
1761 1899 1863 1959 πᾶσιν
1891 1897 1982 1970 ἀξιος
2009 1900 2100 1971 γίνου

510 2003 640 2065 σεαυτοῦ
660 2004 714 2060 καὶ
735 2003 789 2063 τού
810 2002 930 2075 γένους.
975 1999 1076 2079 ιδπερ
1098 2001 1168 2061 ἴσον
1190 1999 1304 2072 εἰπεῖν,
1330 1997 1378 2061 ότι
1398 1999 1499 2083 μηδὲν
1521 1997 1712 2074 ἀξιέπαινον
1734 1996 1897 2086 ἀπολίπῃς
1925 1997 2099 2081 ἀζήλωτον,

509 2107 564 2165 καί
586 2121 619 2165 σε
640 2113 704 2175 τοῖς
726 2101 863 2183 πρῶτοις
883 2106 946 2165 τῶν
968 2100 1160 2182 ἀξιωμάτων
1188 2102 1409 2185 ἐμπρέποντα,
1444 2100 1488 2174 ῶς
1517 2106 1571 2163 καί
1600 2104 1712 2177 ἀξιον,
1741 2102 1842 2180 ἴδοιμι
1872 2104 1893 2184 ἢ
1921 2099 2098 2184 ἀκούσαιμι

507 2209 600 2280 τέως·
623 2206 684 2290 ήδη
706 2205 768 2286 γάρ
791 2205 957 2269 ἀπολείπω
979 2226 1029 2268 σοι
1049 2228 1104 2287 την
1125 2207 1182 2289 σήν
1204 2204 1366 2282 βασιλίδα,
1389 2205 1435 2277 είς
1453 2201 1645 2268 ἀνέλπιστον
1664 2209 1736 2287 βίον
1751 2204 1928 2289 μεταβολήν
1945 2205 2099 2283 έκπεσεόν,

509 2313 627 2392 τρόπον
649 2313 689 2373 ὃν
710 2316 824 2394 σαφῶς
845 2309 913 2373 σλδε
934 2308 1033 2389 μόνος
1055 2307 1072 2371 ό
1097 2311 1198 2389 σοφός
1219 2306 1389 2386 οἰκονόμος
1409 2309 1472 2369 τῶν
1494 2304 1658 2391 ήμετέριεν.

595 2418 690 2484 1118.
719 2414 775 2495 μδ.
806 2411 891 2475 Ὀὐκ
918 2410 1072 2489 εύάγγελα
1100 2415 1160 2490 μὲν
1180 2415 1244 2473 τῶν
1264 2414 1407 2490 βροντῶν
1428 2409 1503 2487 ύμῖν
1525 2413 1600 2484 ἴσως
1622 2411 1699 2474 ὅσον
1720 2411 1775 2473 έπλ
1797 2423 1861 2486 τοῖς
1882 2415 1980 2475 ταῦτα
2002 2409 2098 2493 φιλο-

507 2517 616 2592 πόνως
637 2519 883 2602 σημειουμένσις.
907 2513 1012 2594 ἔμοιγε
1032 2520 1140 2594 μέντοι
1162 2515 1304 2592 περιττόν
1327 2517 1383 2576 νῦν
1406 2512 1496 2575 δοκεῖ
1521 2514 1555 2575 τό
1585 2526 1648 2589 τοϊς
1676 2515 1826 2588 τοιούτοις
1853 2518 2036 2596 προσέχειν·
2068 2514 2099 2576 ελ

507 2626 569 2706 γὰρ
592 2622 643 2685 δεῖ
662 2625 737 2684 ποτὲ
760 2618 912 2683 πιστεύειν
934 2616 1049 2693 αὐτοῖς,
1071 2608 1140 2679 τότε
1162 2619 1341 2678 πιστευτέον
1364 2617 1423 2697 (ὡς
1445 2616 1564 2703 οἶμαι),
1588 2616 1638 2680 ὅτε
1659 2616 1760 2699 μηδὲν
1781 2617 1864 2680 ἀλλο
1887 2622 2040 2700 φέρουσιν
2062 2614 2098 2678 αἲ

506 2729 637 2807 βρονταὶ
659 2725 870 2802 ἀποτέλεσμα.
916 2721 1007 2783 λνυνλ
1029 2720 1065 2782 δὲ
1087 2720 1239 2784 τοσούτων
1262 2717 1320 2804 (ῶς
1341 2716 1436 2802 ὁρᾷς)
1458 2721 1589 2799 ὄμβρων
1610 2721 1744 2783 ἀνωθεν
1758 2720 1988 2794 έπεκλυζόντων
2002 2716 2097 2802 ήμάς,

508 2827 546 2894 ού
568 2828 657 2893 δοκεῖ
676 2828 790 2910 καιρόν
812 2827 895 2904 ἔχειν
914 2825 1022 2888 τούτου
1044 2823 1144 2885 πλέον
1164 2847 1192 2885 τι
1215 2822 1313 2906 ζητεῖν
1333 2823 1378 2895 είς
1400 2821 1580 2900 ἀπόβασιν·
1605 2822 1666 2906 ήδη
1686 2824 1749 2904 γάρ
1772 2823 1850 2904 ὅπερ
1874 2825 1956 2900 ἔδει,
1984 2825 2097 2901 γέγονέ

506 2955 538 2994 τε
560 2935 615 2994 καὶ
634 2935 766 3008 γίνεται·
795 2930 910 3009 βρσχαὶ
938 2927 1000 3009 γάρ
1030 2925 1105 3009 ήμτν
1132 2928 1210 3007 μετά
1238 2928 1374 3007 βροντάς
1406 2926 1636 3009 έπερράγησαν.
1688 2925 1793 3009 8πλήν
1821 2927 1893 2990 ἀλλ’
1922 2933 2011 2990 αἴσια
2041 2931 2098 2989 καὶ

507 3032 610 3097 τᾶλλά
630 3057 665 3111 γε
687 3030 794 3096 πάντα
818 3031 822 3116 Ι
847 3033 937 3112 παρὰ
959 3031 1013 3112 τῆς
1034 3030 1275 3112 φιλανθρῶπου
1298 3032 1452 3109 προνοίας
1480 3030 1659 3113 ἀπαντήσσι
1686 3040 1750 3102 τοῖς
1773 3034 1948 3110 πράγμασι,
2038 3030 2097 3117 88²

507 3142 561 3198 καὶ
583 3138 844 3216 θορυβουμένους
866 3132 984 3214 ὁμοίως
1005 3138 1059 3195 καὶ
1078 3134 1123 3216 μή
1145 3134 1246 3217 μηδὲν
1267 3131 1351 3216 ήμάς
1372 3132 1503 3196 ἀνιάσοι
1525 3138 1588 3195 τῶν
1609 3132 1727 3216 ἀήθων
1750 3139 1803 3192 καὶ
1827 3131 1987 3216 λυπηρῶν.

594 3243 688 3307 lim.
718 3261 768 3318 με.
800 3236 924 3299 ῙἩκει*
944 3258 1001 3318 μοι
1023 3237 1126 3320 φόβος
1149 3238 1186 3299 ὃν
1212 3238 1412 3320 ἐφοβούμην·
1447 3240 1632 3320 χειροθεσία
1653 3239 1715 3317 γάρ
1738 3238 1799 3322 ήδη
1822 3242 1876 3298 καὶ
1899 3237 2019 3318 θρόνος
2040 3241 2096 3299 καὶ

506 3340 649 3422 ὀχλήσεις
670 3345 725 3403 καί
746 3340 936 3421 πράγματα,
960 3335 1006 3401 ἀν
1027 3340 1121 3405 οὐδὲν
1143 3341 1214 3422 ἐμοὶ
1235 3344 1471 3423 φοβερῶτερσν,
1506 3340 1548 3412 ῶς
1571 3344 1624 3401 καὶ
1647 3340 1742 3412 αὔτύς
1762 3342 1987 3423 μαρτυρήσεις,
2019 3337 2096 3402 ούδὲ

506 3446 562 3508 διὰ
591 3449 662 3526 βίου
693 3445 811 3517 παντὸς
838 3443 1067 3526 ἀπευκτότερσν
1097 3448 1150 3505 καὶ
1181 3448 1398 3526 φευκτότερον.
1459 3443 1552 3505 ἳάλλ
1582 3443 1652 3505 έπεὶ
1681 3443 1778 3515 οὕτως
1807 3445 1933 3526 ἤρεσεν,
1967 3446 2026 3506 εἴτε
2058 3446 2096 3531 τῇ

505 3550 643 3631 προνοίᾳ
665 3549 728 3610 τῶν
752 3547 854 3623 όλων,
885 3550 938 3609 εἴτ’
963 3585 997 3595 -
1033 3545 1086 3611 οὐκ
1109 3546 1172 3610 οἷδ’
1193 3546 1281 3619 ὅπως
1302 3549 1401 3625 εἴπω,
1431 3548 1522 3627 χάρις
1549 3550 1610 3627 μὲν
1641 3547 1684 3629 τῷ
1714 3543 1811 3617 οὕτως
1840 3546 2095 3626 οἰκονομήσαντι,

508 3648 570 3732 ήτις
591 3647 674 3732 αὐτῷ
697 3654 752 3712 καὶ
773 3651 827 3713 ἐπὶ
848 3659 913 3723 τσίς
935 3648 1121 3732 ἀβουλήτοις
1143 3648 1321 3731 ὀφείλεται,
1354 3654 1444 3728 χρεία
1475 3650 1511 3712 δὲ
1541 3648 1670 3730 πολλή*
1697 3652 1751 3709 καὶ
1780 3649 1904 3733 μεγάλη
1927 3651 1984 3713 νῦν
2005 3650 2094 3729 είπερ

506 3757 581 3816 ποτὲ
603 3752 717 3816 ἄλλοτε
740 3762 799 3815 τῶν
821 3761 887 3816 σῶν
909 3757 1102 3834 προσευχῶν,
1125 3753 1171 3826 είς
1191 3755 1225 3815 τό
1248 3755 1432 3831 καταρτίσαι
1455 3752 1577 3836 δηλαδή
1602 3753 1818 3830 καίστηρίξαι
1841 3755 1895 3832 τήν
1914 3753 1993 3812 καθ’
2011 3748 2095 3833 ήμσῖς

505 3855 647 3932 ἀτονίαν,
670 3855 727 3920 οὐκ
749 3856 824 3919 σέδα
847 3860 986 3937 ποτέραν
1008 3856 1140 3918 πλείονα
1164 3853 1258 3937 φήσω
1286 3893 1320 3903 -
1343 3857 1403 3916 εἴτε
1425 3860 1480 3937 τήν
1504 3855 1659 3938 ψυχικήν,
1692 3849 1728 3935 ἧς
1749 3858 1804 3914 καὶ
1823 3854 1961 3933 μάλιστα
1988 3852 2094 3931 λόγος,

504 3961 564 4022 εἴτε
585 3961 642 4042 τήν
661 3961 716 4022 τού
737 3962 904 4042 μοχθηροῦ
924 3964 1035 4024 τούτου
1058 3957 1218 4039 στόματος·
1249 3955 1443 4038 ἀμφοτέροις
1463 3962 1525 4039 γὰρ
1548 3965 1619 4022 ἴσον
1643 3960 1677 4021 τό
1698 3957 1802 4040 πάντη
1824 3959 2020 4037 παρειμένον
2041 3960 2097 4019 καὶ

504 4063 671 4145 ἄχρηστον.
717 4063 824 4143 3ὅμως
853 4099 895 4114 ·-
923 4069 977 4125 καὶ
1005 4064 1067 4142 γάρ
1097 4065 1153 4144 τήν
1185 4065 1241 4125 τού
1272 4060 1399 4123 δικαίου
1428 4060 1521 4145 εὐχήν
1553 4061 1658 4125 πσλλά
1681 4059 1800 4138 ίσχύτιν
1822 4059 2029 4143 η’κούσαμεν*
2054 4098 2093 4108 -

503 4167 626 4243 γένοιτό
647 4189 692 4238 τις
714 4165 868 4247 εύκαίρως
890 4171 943 4227 καί
966 4164 1043 4247 ήμτν
1064 4165 1150 4244 ἰσχύς
1171 4165 1245 4244 παρ’
1269 4160 1371 4247 αὐτῆς.
1424 4164 1523 4230 4αὐτό
1552 4166 1588 4229 δὲ
1615 4168 1648 4230 τδ
1683 4169 1818 4247 πρᾶγμα
1848 4169 1903 4226 καὶ
1932 4165 1987 4228 τδν
2017 4165 2093 4245 τρό-

504 4268 577 4356 Ιπσν
599 4268 688 4340 ὅπως
709 4273 764 4328 καὶ
785 4268 902 4344 πόθεν,
928 4267 943 4350 ή
968 4268 1058 4352 φήμη
1081 4287 1114 4329 σε
1136 4267 1262 4342 διδάξει
1285 4267 1379 4344 ταχύ,
1401 4269 1431 4330 ελ
1450 4271 1547 4352 μήπω
1569 4275 1657 4336 τοῦτο
1680 4278 1733 4332 καὶ
1756 4271 1880 4353 ἤνυσεν,
1905 4267 1949 4342 ῶς
2036 4269 2094 4333 89ι

503 4370 586 4435 ἔστιν
614 4370 761 4448 είκάζειν,
795 4376 907 4434 πᾶσαν
935 4371 995 4454 ἤδη
1026 4369 1140 4449 σχεδόν
1173 4392 1237 4433 που
1267 4369 1429 4433 διαπτάσα
1459 4374 1515 4455 τήν
1538 4374 1737 4456 οἰκουμένην.
1783 4371 1876 4436 5ἀλλ’
1899 4373 1942 4446 ῶς
1963 4371 2095 4452 τάχιστα

502 4477 635 4558 γράψον
655 4500 684 4538 τι
706 4477 787 4555 πρός
807 4476 905 4539 ταῦτα
926 4478 980 4535 καὶ
1001 4471 1104 4556 εὖξαι,
1133 4472 1259 4554 μᾶλλον
1288 4474 1323 4535 δὲ
1351 4482 1394 4557 μή
1417 4475 1548 4562 έλλίπης
1568 4486 1637 4550 ταίς
1657 4476 1765 4556 εὐχαῖς
1786 4475 2093 4557 ένδαιμιλευόμενος,

502 4580 533 4640 εἴ
552 4602 579 4641 τι
603 4583 658 4640 καὶ
678 4579 780 4659 βραχύ
800 4577 888 4658 μέλει
911 4595 961 4640 σοι
983 4581 1046 4640 τῶν
1067 4576 1141 4659 τήδε
1163 4577 1243 4638 καθ’
1266 4575 1358 4659 ἡμᾶς.

589 4685 683 4750 llffi.
703 4704 756 4762 μς.
782 4681 916 4765 1Φιλική
938 4686 1057 4763 γραφὶς
1079 4680 1114 4755 έξ
1136 4678 1313 4756 ἀνατολῶν,
1337 4677 1380 4752 ῶς
1402 4677 1517 4761 ἡλιακή
1539 4683 1630 4759 βολίς
1651 4685 1838 4767 κινηθεῖσα,
1867 4682 1926 4755 τάς
1947 4703 1978 4743 τε
1999 4680 2096 4765 ὄψεις

574 4823 586 4856 x
606 4804 656 4858 Iob
675 4823 697 4870 3,
717 4821 745 4870 ες
763 4807 768 4871 Ι
784 4824 798 4857 2
817 4805 898 4868 πολλή
916 4820 951 4857 ex
969 4802 1051 4868 πολλή
1069 4802 1193 4857 correxit
1211 4802 1243 4856 0¹
1264 4801 1436 4855 studemund
1450 4811 1484 4870 Ιχ
1505 4803 1589 4858 Iacob
1609 4823 1632 4872 ς,
1653 4810 1682 4857 16
