4560 6172
340 553 426 620 180
1859 557 1922 622 189

343 734 406 798 τοῖς
426 728 486 804 μέν
505 727 567 808 γάρ
589 727 660 798 τούς
681 727 801 801 ἄξονας
821 728 884 788 τῶν
906 723 1060 806 ἁρμάτων
1089 724 1272 809 συνδήσας*,
1306 727 1382 806 μετὰ
1414 729 1488 807 βίας
1518 725 1591 810 ήγεν
1619 727 1673 790 ἐπὶ
1693 731 1748 791 τόν
1769 729 1920 810 ὄλεθρον,

344 838 407 900 τοϊς
428 828 464 890 δέ
485 830 540 902 τάς
562 829 656 911 ὄψεις
683 828 870 913 α’πήμβλυνε
899 834 953 889 καί
982 830 1053 901 τούς
1081 829 1186 903 πόδας
1211 830 1374 913 έπέδησεν,
1403 830 1456 892 ἰπὶ
1484 831 1591 911 χώρας
1618 834 1758 911 κατέχων
1785 838 1840 893 καί
1866 839 1920 896 τοῦ

343 931 452 1011 πρόσω
483 935 661 1012 κατείργων,
702 939 757 996 ίνα
785 932 953 1012 βλέποντες
980 934 1022 1014 μή
1052 930 1216 1015 βλέψωσι*
1245 938 1299 996 καί
1327 933 1430 1007 πόδας
1457 935 1578 1013 ἔχοντες
1604 937 1645 1017 μή
1677 935 1921 1019 περιπατήσωσι,

342 1036 376 1097 τδ
399 1038 462 1105 τῦν
484 1033 694 1119 οἷναισθήτων
714 1034 857 1098 εἰδώλων
880 1036 884 1122 ff
908 1035 1045 1115 α’τεχνώς
1066 1036 1160 1111 ἴδιον,
1188 1038 1261 1122 μηδ’
1281 1036 1376 1111 εὐθὺς
1397 1037 1549 1119 ἑπόμενοι
1570 1042 1606 1127 τῇ
1627 1040 1702 1128 τύχη
1724 1044 1777 1101 καὶ
1843 1041 1920 1104 270*

343 1142 386 1221 τῷ
416 1143 533 1223 καιρῷ,
565 1138 618 1201 διδ
649 1143 711 1201 τών
739 1139 849 1202 πυλών
877 1144 1139 1221 παρεισπόσωσιν,
1173 1140 1304 1216 οὐδενός
1330 1141 1423 1228 (ὅπερ
1446 1141 1583 1228 ἔφαμεν)
1614 1140 1799 1223 κωλύματος
1820 1144 1919 1217 ὄντος.

430 1240 561 1305 48ταῦτα
577 1247 659 1318 τίνος
673 1243 779 1326 ἑτέρου
794 1244 878 1326 πλήν
893 1248 913 1327 ή
925 1244 1029 1325 μόνου
1052 1248 1143 1320 θεοῦ,
1164 1248 1219 1329 τήν
1234 1248 1391 1329 πονηρίαν
1404 1244 1592 1330 μισήσαντος
1605 1250 1659 1308 καὶ
1673 1258 1736 1322 τοῖς
1750 1245 1921 1331 ὑπερηφά-

346 1365 411 1418 νοις
426 1343 579 1427 εὐκαίρως
594 1347 863 1428 α’ντιταχθέντας*,
887 1343 925 1414 οῦ
938 1353 992 1409 καί
1006 1348 1166 1425 λέγοντος*
1181 1349 1311 1412 άκυόειν
1326 1349 1393 1412 τότε
1409 1349 1493 1412 δοκώ
1507 1372 1562 1429 μοι
1577 1352 1657 1429 πρδς
1670 1355 1731 1431 μέν
1752 1350 1834 1434 ἡμᾶς
1857 1357 1923 1427 τοῦς

344 1451 379 1511 ἐν
402 1450 520 1529 θλίψει
535 1450 740 1534 Ὺπερασπιώ
762 1451 840 1532 ὑπὲρ
862 1455 914 1533 τής
937 1451 1062 1525 πόλεως
1084 1456 1195 1535 ταύτης
1224 1452 1266 1515 δι’
1286 1453 1342 1533 ἐμὲ
1364 1459 1418 1515 καί
1440 1453 1495 1516 διδ
1518 1453 1622 1534 Δαβίό
1643 1454 1697 1517 τόν
1721 1457 1826 1519 παῖδά
1847 1478 1920 1535 μου,

344 1553 387 1616 ὅτι
412 1555 528 1635 §depe
551 1558 671 1638 ἤλπισε,
695 1561 748 1618 καὶ
771 1554 909 1638 ῥύσομαι
930 1554 1055 1630 αῦτύν*,
1077 1561 1130 1617 καί
1153 1552 1170 1619 ὃ
1194 1555 1275 1630 λαός
1295 1577 1358 1636 μου
1381 1557 1510 1632 δοξάσει
1531 1581 1581 1639 με,
1604 1561 1721 1630 σωθείς
1742 1557 1797 1620 ὑπ’
1820 1559 1918 1637 ἐμοῦ·

346 1661 425 1741 πρὸς
445 1659 566 1722 ἐκεῖνον
589 1659 624 1722 δὲ
646 1661 701 1722 διά
724 1665 778 1725 τοῦ
799 1659 980 1742 προφήτου*
1007 1660 1093 1722 Τάδε
1116 1659 1197 1736 λέγει
1219 1660 1327 1742 κύριος
1348 1663 1411 1722 τῶν
1432 1658 1601 1739 δυνάμεων
1630 1661 1683 1723 έπί
1706 1662 1759 1724 τόν
1781 1663 1919 1743 α’ρχοντα

344 1765 397 1825 τὸν
427 1762 607 1848 ἀποστάτην
636 1762 683 1828 Ού
711 1765 753 1847 μή
783 1763 914 1850 εἰσέλθη
944 1764 989 1837 εἰς
1017 1767 1071 1848 τήν
1092 1764 1189 1827 πόλιν
1210 1764 1333 1847 ταύτην,
1362 1765 1392 1825 εἰ
1420 1769 1473 1827 καί
1500 1764 1628 1845 χάρακα
1657 1765 1718 1850 ήδη
1744 1767 1795 1828 ἐπ’
1824 1765 1922 1848 αύτήν

343 1867 498 1931 ίκύκλωσε
530 1875 583 1930 καί
612 1869 690 1931 τόσα
718 1874 772 1930 καί
793 1868 870 1930 τοσα
893 1870 959 1930 κατ’
981 1866 1076 1949 αῦτής
1098 1863 1323 1943 ἐνεανιεύσατο,
1346 1870 1386 1930 ἵν’
1408 1869 1473 1946 ἔχοι
1495 1891 1522 1929 τι
1544 1872 1598 1930 καί
1621 1868 1720 1932 πλέον
1740 1871 1785 1944 εἰς
1806 1876 1922 1933 κακίαν

343 1968 360 2035 o‘
390 1970 533 2054 δεύτερος
564 1973 684 2036 ἐκείνου
712 1977 767 2037 τοῦ
796 1975 949 2054 προτέρου
976 1973 1143 2052 τυράννου.
1176 1970 1261 2034 α’λλά
1294 1983 1352 2035 ποτ
1379 1972 1430 2035 δεί
1455 1975 1636 2052 τραπέσθαι
1664 1977 1741 2055 μετά
1776 1973 1920 2039 τοσούτου

344 2077 584 2157 στρατεύματος,
614 2080 688 2150 ἴσως
716 2081 758 2139 ἄν
788 2076 805 2139 ῦ
834 2078 969 2156 μάταιος
998 2075 1201 2139 διεσκέπτετο.
1242 2074 1314 2138 ἄλλ’
1343 2075 1473 2156 ἐμβαλεῖ
1502 2080 1605 2159 φιμδν
1635 2078 1776 2162 (φησίώ)
1799 2077 1844 2150 εἰς
1866 2083 1921 2161 τήν

343 2178 420 2262 ῥίνά
441 2198 499 2243 σου
520 2185 573 2242 καί
595 2182 728 2261 χαλινόν
748 2182 793 2253 εἰς
813 2180 852 2243 τά
874 2180 959 2263 χείλη
982 2199 1049 2255 σου,
1072 2186 1125 2241 καί
1146 2178 1342 2262 άπυστρέψω
1364 2198 1397 2242 σε
1418 2183 1454 2270 τῇ
1477 2178 1544 2266 ύδηῦ
1566 2176 1586 2271 ή
1610 2177 1706 2264 ήλθες
1723 2181 1727 2268 Ι
1744 2181 1779 2243 έν
1842 2181 1921 2246 270²

343 2282 430 2373 αὐτῇ.
518 2285 546 2323 ⁴⁹
555 2291 651 2348 ταῦτα
673 2291 732 2367 μὲν
754 2283 771 2347 δ
796 2285 884 2358 θεός.
905 2291 959 2346 καί
981 2285 1086 2365 ὥσπερ
1105 2284 1202 2359 εἰπεν,
1226 2284 1368 2366 ἐποίησε·
1391 2282 1429 2346 τὰ
1447 2284 1482 2347 δέ
1500 2288 1577 2363 μετά
1593 2286 1696 2365 βραχύ
1709 2293 1762 2346 καί
1780 2288 1921 2368 ποιήσει·

344 2388 361 2451 ὃ
383 2394 445 2470 γὰρ
468 2390 562 2466 λύγος
588 2388 684 2454 αύτοῦ
712 2386 854 2470 α’λήθειά
877 2388 967 2461 ἐστι*
997 2393 1050 2449 καί
1078 2395 1122 2461 τίς
1148 2388 1243 2452 αὐτοῦ
1269 2388 1325 2470 τήν
1351 2386 1471 2470 βουλήν
1499 2391 1553 2471 τήν
1582 2386 1678 2466 ύγίαν
1709 2388 1921 2466 διασκεδάσει,

343 2495 364 2573 ή
389 2496 432 2566 τίς
455 2497 510 2576 τήν
537 2503 627 2574 χεῖρα
651 2490 744 2557 αὐτοῦ
773 2494 829 2574 τήν
856 2491 984 2574 ῦψηλήν
1013 2491 1247 2571 α’ποστρόψεις*
1278 2487 1310 2554 οἰ
1331 2491 1384 2567 δέ,
1417 2503 1481 2564 τοῖς
1511 2491 1668 2575 λαφύροις
1694 2493 1924 2575 ἐπιδραμόντες

344 2595 499 2675 α’σμένως,
522 2593 564 2669 ώς
586 2594 604 2658 ό
625 2593 777 2675 εὑρίσκων
798 2598 841 2679 τῷ
864 2596 930 2658 ὄντι
952 2596 1053 2658 σκῦλα
1076 2595 1212 2672 πολλά*,
1248 2601 1302 2658 καί
1330 2600 1366 2684 τῇ
1389 2595 1507 2659 τούτων
1536 2595 1636 2679 ήόόως
1657 2597 1922 2680 ένασχυληθέντες

344 2700 500 2786 διανομῇ,
533 2701 598 2762 εἰτα
626 2698 843 2779 σοβαρώτερον
872 2700 931 2783 ήδη
961 2712 1024 2772 τοῖς
1043 2704 1151 2778 τείχεσι
1174 2698 1469 2782 παριππεύσαντες,
1499 2706 1553 2763 καὶ
1574 2700 1680 2764 πολλὰ
1702 2705 1762 2782 μὲν
1782 2703 1922 2776 εἰπόντες

343 2803 504 2888 ῦβριστικά
527 2829 557 2867 τε
579 2809 632 2866 καί
652 2803 849 2885 βλάσφημα,
878 2803 977 2865 πλείω
1008 2804 1044 2866 δὲ
1074 2803 1313 2886 ἀπειλήσαντες,
1342 2805 1421 2870 οὕτω
1451 2805 1569 2886 δήποτε
1596 2807 1698 2886 μόλις,
1722 2804 1840 2888 ήμέρας
1861 2807 1920 2891 ήδη

343 2910 520 2994 κλινούσης,
553 2909 605 2971 ἐπὶ
634 2911 689 2980 τάς
718 2907 834 2987 σκηνάς
863 2905 1102 2990 α’πηλλάγησαν,
1132 2910 1334 2993 παιανισμῷ*
1362 2933 1392 2972 τε
1420 2909 1510 2988 μάλα
1537 2909 1674 2993 λαμπρῷ
1705 2918 1757 2971 καί
1787 2911 1923 2985 πολλαῖς

343 3013 512 3098 εὐφημίαις
533 3019 604 3095 περὶ
623 3015 677 3075 τὸν
699 3009 853 3090 τύραννον
874 3017 1028 3091 χρώμενοι
1052 3011 1095 3084 ώς
1115 3012 1169 3075 έπί
1189 3011 1318 3094 μεγάλῳ
1341 3011 1382 3094 δή
1403 3036 1461 3075 τινι
1481 3012 1763 3094 κατορθώματι-
1787 3019 1849 3095 φεῦ
1870 3019 1922 3097 τῆς

343 3125 405 3181 τών
419 3118 583 3198 Ῥωμαίων
612 3117 777 3198 αἰσχύνης,
805 3115 835 3177 εἰ
856 3113 1036 3198 Ἅγαρηνοίς
1056 3139 1087 3177 τε
1118 3120 1172 3177 καί
1194 3118 1349 3190 Σκύθαις,
1378 3115 1601 3200 εὐαριθμήτους
1624 3118 1732 3202 ψιλοῖς
1755 3118 1922 3202 (κάκείνων

344 3225 462 3308 ἐνίοις),
485 3227 618 3285 τοσαῦτα
633 3219 844 3300 στρατεύματα
868 3219 1013 3301 ῥωμαΐκδ
1037 3220 1235 3300 συμπεσόντα
1257 3225 1310 3282 καί
1332 3222 1421 3302 παρά
1443 3220 1498 3284 τὸν
1520 3219 1631 3296 α’γώνα
1654 3222 1923 3306 πλεονεκτήσαντα

343 3328 422 3394 οῦτω
445 3332 526 3408 μέγα
550 3328 704 3410 φρονοῦσι
726 3330 779 3384 καὶ
800 3327 928 3387 τοιαῦτα
951 3323 1205 3406 πανηγυρίζουσι.
1233 3323 1306 3386 πότε
1328 3326 1356 3386 δ’
1378 3326 1420 3385 δν
1443 3326 1630 3407 έμετρίασαν
1654 3320 1746 3402 οὗτοι,
1769 3326 1923 3389 Γαλατῶν

346 3432 350 3517 fl
377 3436 395 3516 ή
411 3432 538 3515 Ἰβήρων
560 3429 699 3493 πανσυδὶ
713 3431 792 3509 πρὸς
807 3427 921 3501 αὐτοὺς
936 3428 1189 3507 ἀντιταχθέντων
1204 3429 1425 3510 κρατήσαντεςς
1448 3434 1501 3491 καί
1515 3427 1581 3494 οὐδ’
1594 3429 1696 3492 έκεῖνο
1710 3449 1779 3493 σκυ·
1844 3431 1922 3495 2ΊΙ1

344 3542 459 3602 ποῦσιυ
481 3534 523 3609 ώς
544 3546 607 3608 τοίς
630 3535 763 3616 οἰκτροῖς
784 3534 959 3613 βαρβάροις
978 3532 1107 3605 ἐκείνοις
1128 3533 1210 3595 ἔστιν
1232 3533 1249 3596 ῦ
1272 3537 1326 3594 καὶ
1347 3529 1513 3614 ὁμόφυλον
1535 3537 1639 3606 κακώς
1660 3533 1924 3618 συνδιέφθειραν,

344 3638 383 3706 ού
404 3642 503 3725 μηδὲν
524 3640 726 3720 έναγίστερον
740 3637 813 3720 μηδ’
828 3637 974 3720 αἰσχύνης
996 3642 1049 3698 καὶ
1071 3636 1171 3718 λύπης
1192 3638 1286 3713 ἄξιον
1305 3635 1430 3717 μᾶλλον
1451 3647 1515 3711 τοίς
1535 3635 1591 3717 οὐχ
1612 3634 1655 3711 ὥς
1675 3638 1790 3702 ἐκείνοι
1812 3660 1922 3722 παρα-

345 3853 492 3916 κινδύνου
514 3848 668 3930 άτρεπτόν
689 3870 719 3909 τε
741 3847 774 3909 τό
799 3843 949 3928 φρόνημα
971 3853 1024 3908 καί
1041 3846 1112 3917 τούς
1128 3845 1292 3924 λογισμοὺς
1308 3849 1500 3917 συνεστώτας
1515 3850 1568 3906 καί
1582 3850 1636 3929 τήν
1653 3848 1759 3930 ψυχήν
1775 3845 1923 3930 α’ήττηιον

344 3955 452 4039 ἔσῳζε,
482 3957 616 4028 καίτοιγε
647 3950 750 4013 πολλοὶ
780 3953 839 4029 μὲν
869 3951 949 4028 ἔχων
976 3950 1063 4021 έντδς
1091 3950 1128 4012 τά
1158 3954 1211 4011 καί
1239 3947 1368 4029 σιδήρου
1398 3952 1498 4031 φύσιν
1518 3951 1663 4028 μαλάξαι
1684 3957 1738 4014 καί
1759 3955 1923 4033 χαυνώσαι

345 4059 525 4140 δυνάμενα·
560 4056 591 4119 οἰ
612 4060 683 4136 περί
706 4051 804 4119 αῦτύν
825 4075 856 4114 τε
885 4053 946 4134 γα“ρ
978 4058 1094 4126 πάντες
1125 4050 1258 4132 α’φέντες
1279 4048 1376 4114 αὐτόν
1398 4049 1440 4124 ώς
1462 4053 1599 4132 Χριστόν
1621 4057 1652 4117 ολ
1673 4060 1819 4139 μαθηταί
1840 4062 1922 4137 πρύ-

344 4187 432 4243 τερου
454 4165 489 4227 έν
510 4166 552 4249 τφ·
579 4165 632 4226 τοῦ
661 4162 792 4231 πάθους
821 4162 937 4242 καιρηῦ,
964 4161 1078 4238 μικροῦ
1100 4157 1168 4219 δεῖν
1190 4156 1328 4227 α’παντες
1349 4156 1501 4238 ὄφυγυν*,
1534 4159 1632 4232 ἄλλος
1654 4158 1735 4246 άλλη
1756 4163 1923 4240 τραπέντες

347 4269 576 4350 δεδακρυμένοι
600 4271 653 4327 καί
674 4265 811 4346 ταραχής
834 4268 886 4322 καὶ
908 4260 1051 4343 θορύβου
1075 4260 1131 4335 τοίς
1153 4262 1262 4346 ψυχάς
1282 4270 1396 4338 μεστὰς
1417 4263 1547 4342 ἔχοντες.
1576 4267 1631 4325 καί
1652 4286 1696 4337 τις
1717 4263 1837 4340 λέγεται
1858 4266 1923 4327 τότε

345 4377 406 4434 τών
426 4371 482 4436 οῦκ
505 4369 649 4453 α’σήμων,
672 4368 809 4451 ώθισμῷ
831 4391 862 4430 τε
885 4373 938 4428 καί
959 4370 1016 4446 βίᾳ
1039 4366 1092 4429 διά
1109 4370 1172 4429 τών
1185 4367 1252 4427 ἐκεῖ
1265 4368 1379 4445 θυρών
1394 4366 1527 4449 φεύγων,
1550 4368 1595 4441 εἰς
1609 4366 1714 4430 πολλά
1730 4367 1922 4451 διαθρύψαι

345 4480 414 4547 τοὺς
436 4477 582 4548 λιθίνους
604 4472 784 4553 σταθμούς·
805 4475 947 4544 τοσοῦτος
969 4468 1008 4552 ήν
1030 4470 1046 4533 ό
1071 4472 1173 4551 φόβος
1195 4469 1212 4531 ὁ
1235 4472 1436 4546 κατεπείγων.
1534 4473 1605 4534 *ῑαί
1624 4494 1657 4546 γε
1679 4471 1741 4552 μήν
1763 4472 1923 4548 βασιλίδος

344 4582 405 4641 κάν
419 4579 638 4662 ἀδαμαντίνην
652 4577 790 4655 καρδίαν
804 4575 1010 4656 διεκλύνησαν
1025 4582 1078 4636 καί
1094 4578 1286 4649 συνέσεισαν,
1302 4574 1393 4637 δεινά
1407 4598 1437 4637 τε
1453 4580 1603 4654 ποιοῦσαι
1620 4581 1673 4637 καί
1686 4576 1690 4662 ή
1704 4576 1782 4637 κατά
1844 4576 1923 4641 271²

342 4687 397 4766 γής
419 4681 532 4756 ἑαυτάς
553 4684 749 4746 έλεεινότατα
771 4678 954 4761 ῥίπτουσαι,
984 4685 1037 4743 τοῦ
1061 4679 1244 4742 δεσποτικοῦ
1274 4702 1303 4740 τε
1332 4685 1384 4740 καὶ
1418 4683 1509 4742 θείου
1524 4668 1730 4763 ’χαρακτῆρος
1752 4679 1917 4761 προκυλιν-

414 4831 1248 4916 47E¹0d142251471⁸²⁶‚9!48P1023.34¹481⁸83mj
1265 4828 1921 4917 ΙιδΡωΙωίίιςΙιδΙεεεταεΙιδῐεεετ,τεί

344 4925 375 4974 49
392 4908 530 4974 10h17,17
547 4919 551 4972 Ι
566 4923 597 4973 49
616 4905 660 4958 Ina
680 4923 716 4970 14,
735 4906 832 4972 τ7149
851 4904 886 4958 Ρε
899 4923 941 4973 ριη
955 4908 999 4957 162
1015 4913 1019 4970 Ι
1034 4922 1066 4970 49
1084 4919 1254 4972 παιωνισμωι
1272 4900 1314 4966 0¹,
1332 4918 1499 4972 παιανισμωι
1516 4900 1551 4957 0¹
1566 4905 1570 4970 Ι
1586 4919 1618 4969 50
1636 4902 1729 4957 Matth
1747 4906 1786 4967 τό,
1805 4906 1836 4969 5⁶
