4560 6172
342 571 428 642 186
1866 573 1925 638 191

343 746 508 821 πανταχοῦ
527 745 588 823 μὲν
609 746 689 805 πάσι
711 741 836 824 παρών,
858 742 1050 824 οὐδαμόθεν
1076 739 1220 814 όάὑθις
1240 742 1345 823 ἀπιόν,
1369 742 1423 806 διὰ
1446 745 1480 805 τδ
1504 746 1622 828 πτηνόν
1642 749 1695 827 τῆς
1719 742 1864 828 δξύτητος
1885 783 1928 791 -

344 850 491 912 τοσούτου
510 847 576 911 τότε
597 846 696 927 μέλον
718 847 826 931 ἐκείνῳ
848 847 950 912 ὑπνου
972 850 1026 909 καί
1046 849 1165 929 τροφῆς
1186 851 1240 908 καί
1262 846 1398 921 ἀνέσεως
1412 886 1464 922 -,
1488 852 1641 914 καὶτοῦτο
1655 852 1763 931 μέχρις
1774 847 1927 932 ἑβδόμης·

343 951 397 1014 ἐπὶ
419 954 564 1016 τοσούτου
584 952 646 1030 γάρ
670 951 794 1026 ἔξωθεν
816 952 969 1033 ἐκράτουν
998 949 1029 1014 οί
1059 950 1166 1033 φόβοι.
1196 952 1334 1034 συνῆντα
1363 951 1392 1014 δ’
1420 951 1505 1031 ὅμως
1536 951 1630 1016 οὐδὲν
1660 956 1720 1014 τῶν
1752 952 1788 1014 ἐν
1821 952 1929 1032 ἐλπίό,

346 1065 410 1129 τοῖς
433 1059 655 1136 φοβουμένοις.

434 1157 568 1222 56Ἀλλά
598 1165 669 1241 περί
696 1161 752 1241 τῆν
772 1157 844 1241 ἑξῆς
863 1162 923 1239 μὲν
945 1157 963 1221 ὑ
984 1159 1138 1239 τύραννος
1160 1160 1215 1220 τδν
1246 1161 1377 1238 στρατόν
1407 1159 1598 1236 διανέπαυε,
1632 1164 1722 1226 πάνυ
1755 1161 1928 1245 κεκμηκότα

348 1261 405 1347 (ῶς
427 1263 541 1349 ἔοικεν)
563 1267 583 1346 ῆ
603 1263 725 1345 πλῆθει
747 1285 778 1324 τε
800 1267 854 1323 καί
875 1262 966 1350 ῥώμη
988 1269 1050 1324 τῶν
1072 1260 1267 1337 ἀντιπάλων,
1298 1263 1354 1336 οὑς
1374 1263 1409 1326 ἐκ
1432 1264 1639 1345 παρατάξεως
1661 1266 1802 1350 ῆττησαν,
1833 1268 1854 1350 ῆ
1875 1271 1929 1327 καί

349 1371 392 1454 τιῆ
413 1373 528 1453 μακρῷ
550 1371 602 1451 τῆς
624 1367 778 1441 διώξεως·
801 1376 869 1439 ταῖς
891 1367 927 1429 δέ
948 1369 1013 1446 μετ’
1028 1366 1149 1448 ἐκείνην
1171 1363 1302 1448 ἡμέραις
1316 1367 1320 1453 fl
1334 1364 1596 1450 ἀντιπαρεξάγων
1618 1373 1672 1453 τῆν
1687 1371 1786 1434 δύνα-
1851 1372 1930 1437 273²

350 1494 406 1551 μιν
427 1478 482 1534 καὶ
503 1475 659 1542 καθιστάς
680 1472 725 1542 είς
747 1469 866 1550 κόσμον
889 1476 942 1532 καὶ
963 1468 1062 1546 τάξιν,
1093 1472 1156 1551 πρό
1178 1469 1308 1551 δυσμῶν
1328 1471 1407 1534 οὑτω
1431 1472 1531 1535 πάλιν
1554 1469 1656 1558 ἀπῆγε
1677 1479 1930 1558 συντεταγμένην,

347 1576 448 1660 μηδέν
475 1601 502 1638 ιι
523 1576 609 1657 δρῶν
631 1575 730 1637 πλέον
753 1578 772 1656 ῆ
793 1574 964 1655 κομπάζων
986 1572 1146 1656 ὑπέρογκα
1162 1576 1216 1634 καί
1230 1570 1372 1636 ἀπειλῶν
1387 1580 1440 1636 καὶ
1455 1574 1597 1657 ὑβρίζων,
1619 1583 1672 1639 καὶ
1695 1579 1727 1663 (ὃ
1742 1582 1804 1641 τῶν
1818 1583 1931 1662 σοφῶν

349 1704 395 1752 τις
415 1680 558 1761 ἐμμελῶς
579 1679 822 1764 ἐχαριεντίσατο)
845 1677 1054 1760 ἀλεκτρυόνος
1076 1677 1228 1755 ἀγεννοῦς
1249 1677 1340 1762 δίκην
1362 1687 1424 1761 πρδ
1446 1680 1564 1755 τελείας
1584 1686 1635 1764 τῆς
1651 1687 1737 1766 νίκης
1751 1682 1931 1767 ἀποπηδῶν

350 1807 381 1846 τε
404 1789 456 1844 καί
479 1784 579 1863 ᾄδων.

439 1887 522 1950 ΜἘν
543 1887 661 1962 τούτοις
682 1887 822 1968 ἑκάτεροι
845 1888 900 1968 τῆν
921 1885 1089 1967 ἑβδομάδα
1112 1885 1292 1968 διήνεγκαν,
1322 1881 1353 1947 οἳ
1381 1889 1441 1965 μέν
1471 1887 1686 1972 ἐπηρτημένον
1706 1892 1762 1952 τδν
1783 1890 1931 1954 κίνδυνον

352 1991 406 2054 διά
429 1996 548 2066 παντὸς
569 1989 771 2074 ὑφορώμενοι
792 1995 847 2051 καὶ
868 1989 918 2052 ἀεὶ
940 1989 1175 2070 προσδοκῶντες
1189 1990 1359 2073 αλφνιδίως
1380 1989 1488 2065 αὑτοῖς
1501 1992 1726 2056 ἐπιπεσεῖσθαι
1747 1993 1817 2067 τοὺς
1839 1994 1929 2057 ἐναν·

352 2100 444 2172 ιίους,
466 2092 497 2158 oi
520 2096 555 2158 δὲ
577 2101 632 2180 τῆν
653 2095 812 2161 ὑπόνοιαν
834 2093 1027 2167 ἀνάπτοντες
1048 2098 1167 2168 τούτοις
1189 2097 1243 2156 καί
1264 2095 1318 2157 τόν
1339 2093 1444 2176 φόβον
1465 2095 1613 2171 αὔξοντες
1627 2095 1727 2159 πλέον
1741 2095 1787 2170 οίς
1801 2097 1932 2161 ἐποίουν

351 2204 405 2262 καὶ
427 2199 544 2277 ἔλεγον.

444 2303 559 2366 58ίῖίτο
580 2307 624 2379 τίς
656 2306 755 2381 νέιοτ
775 2301 792 2364 ό
816 2303 922 2383 κύριοι
943 2301 1043 2386 ὑμῶν,
1074 2308 1127 2363 καὶ
1150 2300 1270 2385 mdiv
1292 2298 1426 2384 ἆίοθῶι
1455 2300 1472 2384 ὑ
1503 2303 1589 2382 λωτός
1617 2301 1721 2370 αὑτοῦ.
1755 2308 1813 2381 νῠξ
1831 2307 1932 2369 πόλιν

353 2410 431 2487 μία,
464 2413 517 2468 καί
540 2409 662 2489 ὄρθρος
682 2408 733 2471 ἐπ’
755 2408 856 2495 ἐκείνη
878 2407 997 2485 βαθύς.
1025 2411 1078 2467 καί
1102 2404 1183 2488 ῆμάς
1204 2406 1375 2489 παρῆλθεν
1396 2405 1413 2468 δ
1437 2405 1649 2488 δλοθρεύων*.
1679 2412 1707 2471 ῶ
1734 2413 1932 2492 πραγμάτων

354 2511 513 2593 ἀρρήτων·
536 2514 564 2573 ῶ
584 2513 764 2588 θαυμάτων
785 2515 918 2572 καινῶν·
943 2509 1050 2592 φεύγει
1072 2507 1089 2573 δ
1113 2509 1228 2593 ἀσεβῆς
1247 2509 1381 2593 μηδενός
1396 2509 1598 2584 διῶκονιος*·
1619 2511 1773 2576 ἐκλείπων
1788 2514 1933 2589 ἐξέλιπεν

356 2614 431 2679 ῶσεὶ
451 2620 573 2689 καπνός
603 2615 794 2696 δέχθρός*·
825 2615 942 2696 ἐξῆλθε
973 2619 1028 2675 καὶ
1055 2614 1205 2697 ἀπῆλθεν
1234 2613 1294 2696 ἀφ’
1321 2612 1410 2696 ἡμῶν
1438 2613 1544 2694 ῶσπερ
1573 2615 1591 2676 ὑ
1621 2617 1789 2680 καταλύων
1817 2623 1933 2702 σκηνῆν

357 2721 471 2802 πῆξας,
494 2723 569 2799 μεθ’
585 2718 621 2803 ῆς
636 2717 697 2783 ὑπὸ
716 2720 802 2801 ζόφῳ
824 2720 1096 2798 συσκευασάμενος
1117 2718 1222 2800 ιμ’χετο.
1240 2718 1245 2803 Ι
1261 2718 1424 2801 γενηθῆτω
1445 2716 1463 2800 ῆ
1486 2717 1561 2791 ὑδδς
1577 2716 1674 2783 αὑτοῦ
1694 2720 1787 2808 (λέγε,
1854 2725 1934 2789 2”14ι

359 2827 429 2886 θεῖε
452 2823 586 2909 Δαβίδ*)
610 2825 716 2897 σκότος
739 2829 792 2884 καὶ
814 2823 987 2904 όλίσθημα,
1011 2827 1065 2883 καί
1086 2822 1218 2899 ἅγγελος
1241 2826 1349 2903 κυρίου
1372 2821 1579 2884 καταδιώκων
1601 2821 1716 2887 αὑτόν·
1752 2831 1850 2890 ταῦτα
1871 2833 1933 2911 γάρ

359 2927 443 3012 αὑτηί
466 2935 503 2990 τά
527 2926 724 3009 προσήκοντα
748 2930 823 3008 παρ’
846 2923 935 3010 ῆμῶν
957 2927 1210 3009 προπεμπτῆρια.
1233 2923 1305 2988 ἀλλ’
1328 2924 1345 2987 ὑ
1367 2930 1427 3007 μὲν
1449 2927 1665 3010 ὃπροῆκουσε,
1688 2934 1777 2993 τούτο
1799 2932 1859 3014 ῆδη
1879 2940 1933 2994 καὶ

358 3035 536 3107 πέπονθεν,
567 3030 782 3113 ἀποστραφείς
806 3031 904 3092 πάλιν
929 3032 1090 3109 ἄπρακτος
1110 3033 1173 3111 μετ’
1194 3030 1342 3112 αίσχύνης
1364 3031 1402 3113 ῆν
1425 3029 1522 3112 η’λθε·
1555 3035 1625 3105 τοὺς
1652 3033 1690 3095 δέ
1719 3057 1753 3110 γε
1777 3038 1855 3098 κατά
1878 3040 1933 3119 τῆν

356 3136 453 3199 πόλιν
466 3142 575 3218 πρῶτα
589 3140 649 3216 μὲν
671 3135 800 3198 ἀπιστία
823 3159 867 3206 τις
889 3145 1008 3213 κατεῖχε
1032 3135 1111 3216 πρός
1132 3134 1165 3197 τό
1189 3134 1386 3215 παράδοξον,
1409 3141 1463 3195 καὶ
1485 3135 1727 3212 λογοποιεῖσθαι
1749 3146 1803 3223 τῆν
1826 3141 1935 3223 φήμην

357 3243 553 3321 παραψυχῆς
575 3239 670 3321 χάριν
693 3242 806 3325 ηίοντο·
843 3238 885 3311 ῶς
915 3238 951 3300 δέ
980 3238 1108 3300 πολλῶν
1138 3238 1184 3300 ότι
1213 3239 1352 3318 μάλιστα
1382 3237 1520 3323 ῥυέντων
1547 3241 1600 3304 ἐπὶ
1626 3245 1681 3305 τόν
1701 3246 1829 3325 χάρακα
1851 3265 1934 3329 σφο·

356 3342 478 3425 δρύτητι
501 3348 554 3404 καὶ
577 3344 659 3432 ῥύμη
680 3351 732 3426 τῆς
754 3343 894 3425 ἀκράτου
916 3345 1119 3422 περιχαρείας
1140 3347 1193 3403 καί
1214 3345 1269 3425 τῆν
1289 3343 1422 3425 ἐρημίαν
1443 3343 1564 3407 ἐκείνου
1586 3348 1809 3426 θεασαμένων,
1838 3349 1935 3423 ἀλλος

358 3447 417 3529 ῆδη
441 3449 518 3528 παρ’
540 3448 642 3512 ἀλλου
663 3447 802 3532 τάληθές
824 3446 1066 3526 κατεμάνθανε,
1097 3450 1151 3506 καὶ
1180 3444 1335 3527 λαμπρὰν
1362 3445 1524 3526 ἐλάμβανε
1554 3452 1657 3512 πίστιν
1677 3456 1711 3514 τό
1734 3455 1810 3526 τέως
1832 3451 1935 3537 ἀμφι-

358 3550 568 3631 βαλλύμενον,
591 3558 730 3616 τοσοῦτοι
753 3559 842 3634 παρὰ
867 3551 995 3613 πάντων
1017 3548 1208 3632 ἐπήρθησαν
1229 3549 1411 3632 ἀλαλαγμοί
1431 3574 1462 3612 τε
1483 3556 1537 3613 καί
1559 3558 1665 3634 κρότοι
1680 3553 1723 3628 ῶς
1739 3554 1832 3619 οἰδὲν
1853 3559 1936 3637 ἔχειν

359 3653 469 3735 ὅμοιον
491 3660 543 3738 τῆς
565 3661 667 3738 χαράς
688 3656 805 3739 ἐκείνης
827 3658 860 3719 τό
882 3658 1029 3736 μέγεθος,
1054 3653 1139 3716 ἀλλά
1162 3657 1272 3716 πάσαν
1291 3657 1351 3734 μέν
1371 3653 1490 3738 ἕορτῆν,
1525 3661 1635 3719 πάσαν
1656 3658 1692 3721 δὲ
1714 3658 1835 3742 ἡμέραν
1855 3686 1937 3743 χαρ-

358 3759 498 3839 μόσυνον
521 3760 699 3842 παρελθεῖν
721 3764 757 3850 τῆ
780 3759 963 3842 φαιδρότητι
992 3760 1046 3841 τῆν
1076 3757 1197 3840 ῆμέραν
1223 3758 1362 3842 ἐκείνην,
1391 3764 1448 3821 καὶ
1475 3757 1518 3833 ιὺς
1548 3760 1714 3826 οὑπώποτε
1741 3764 1853 3827 άλλοτε
1883 3767 1937 3829 τόν

360 3869 483 3946 σωτῆρα
505 3870 557 3925 καὶ
580 3864 692 3948 ῥύστην
713 3864 747 3926 ἐκ
770 3866 888 3937 παντός
909 3866 976 3926 τότε
998 3865 1149 3943 στόματος
1172 3867 1226 3924 καὶ
1246 3862 1349 3946 πάσης
1371 3867 1480 3947 φωνῆς
1505 3862 1733 3950 ἀνυμνηθῆναι
1762 3873 1817 3930 καὶ
1839 3869 1938 3944 δοξα-

365 3971 496 4051 σθῆναι.
517 3971 606 4044 καίγε
628 3969 729 4054 χάΙρις
751 3967 852 4049 πολλῆ
865 3973 907 4051 τῷ
920 3971 1117 4048 παρασχόντι
1131 3963 1186 4050 τῆν
1202 3970 1366 4049 σωτηρίαν,
1388 3965 1435 4030 ότι
1450 3971 1539 4049 παρὰ
1553 3974 1663 4032 πᾶσαν
1677 3971 1794 4035 ἐλπίδα
1859 3975 1939 4040 274²

360 4075 415 4152 τῆν
436 4071 551 4136 ἑαυτοῦ
575 4075 672 4133 θείαν
694 4068 833 4149 δύναμιν
854 4071 890 4133 ἐν
912 4071 987 4153 ῆμῖν
1009 4071 1267 4151 ἐθαυμάστωσεν.
1353 4069 1471 4135 ὁθοὺτω
1498 4077 1557 4152 μέν
1586 4072 1604 4156 ῆ
1628 4075 1721 4149 πόλις
1743 4075 1938 4141 ἀνέπνευσεν

359 4175 394 4238 ἐκ
415 4179 468 4239 τοῦ
489 4179 632 4256 μεγίστου
654 4175 819 4250 κινδύνου,
854 4173 1088 4258 ἀποσεισαμένη
1109 4176 1189 4238 θεοῖ·
1212 4174 1447 4258 φιλανθρωπίᾳ
1469 4178 1523 4240 τόν
1544 4181 1644 4261 θῆρα,
1667 4190 1735 4253 ταῖς
1756 4179 1939 4254 ἀναπνοαῖς

360 4278 454 4362 αὑτῆς
474 4283 549 4352 τέως
571 4283 823 4361 ἐπικαθῆμενου,
847 4285 900 4341 καὶ
922 4279 1001 4344 οὑτω
1023 4279 1116 4359 μόλις
1137 4282 1172 4343 τδ
1196 4279 1323 4362 πλῆθος
1343 4279 1388 4353 είς
1409 4279 1502 4343 ἑαυτό
1524 4282 1702 4366 ἐπανῆλθε,
1726 4291 1779 4346 καὶ
1794 4288 1849 4368 τῆν
1862 4309 1938 4368 προ-

360 4387 454 4464 τέραν
476 4383 621 4459 ἀπέλαβε
642 4383 782 4466 γαλῆνην
804 4385 841 4444 τά
863 4383 1046 4465 πράγματα.

450 4487 629 4567 60βοισιλεὺς
649 4488 696 4562 δέ,
719 4493 772 4549 καὶ
793 4490 910 4550 τούτων
932 4487 1126 4566 παραδόξως
1147 4487 1227 4550 οὑτω
1246 4487 1444 4569 συμβάντων,
1466 4493 1566 4553 καίτοι
1582 4496 1726 4574 φανεράς
1747 4496 1801 4552 καί
1823 4491 1941 4566 τελείας

358 4597 409 4676 τῆς
432 4594 466 4668 ἐξ
488 4592 628 4674 ούρανοῦ
650 4593 750 4670 τυχών
771 4594 935 4674 βοηθείας,
958 4595 1011 4652 καὶ
1034 4595 1169 4672 θαρρῶν
1191 4590 1268 4681 αύιῆ
1291 4593 1389 4656 πλέον
1411 4593 1446 4656 ἐκ
1458 4597 1509 4676 τῆς
1535 4594 1594 4678 ῆδη
1610 4595 1839 4677 πληροφορίας,
1863 4594 1939 4658 οδδέ

357 4701 411 4780 τῆς
432 4697 517 4781 αὑτῶ
539 4696 753 4779 προσηκούσης
774 4699 975 4776 προμηθείας
996 4693 1169 4778 ἀφίστατο·
1193 4696 1211 4758 ό
1232 4696 1294 4777 γάρ
1315 4708 1378 4771 τοῖς
1393 4696 1503 4772 ἄλλοις
1518 4697 1622 4762 ἐδόκει
1645 4705 1706 4760 τῶν
1727 4702 1836 4761 κακῶν
1856 4700 1939 4764 εέναι

357 4801 453 4876 τέλος,
475 4800 513 4866 οὑ
535 4799 622 4872 τέλος
642 4799 771 4875 ἐκεῖνος,
794 4797 866 4862 ἀλλ’
889 4798 1053 4881 ἀναβολῆν
1067 4797 1302 4881 ὑπελάμβανε*,
1325 4808 1378 4863 καὶ
1392 4805 1447 4885 τῆν
1465 4807 1528 4866 τῶν
1543 4803 1727 4866 ἀποστατῶν
1741 4804 1941 4888 ὑποχώρησιν

433 4930 464 4993 58
483 4924 561 4980 Exod
582 4943 618 4986 12,
635 4921 730 4992 23158
751 4923 852 4989 Ιεοιγ,
872 4922 907 4977 2?
926 4922 1001 4978 mich
1020 4943 1043 4987 2,
1063 4920 1177 4990 ιιλΙςθ
1196 4922 1393 4992 ΡολςιαΙςέ
1412 4924 1804 4997 ΡείόοΙόοὺπιρλάμβιινι
1822 4945 1911 5000 apogr
