4560 6172
497 562 540 628 92

499 731 677 816 ἀντιφιλεῖν
706 732 734 796 δ’
763 731 819 798 ούκ
847 733 965 797 ίλόττω
992 732 1093 809 λέγων
1122 733 1193 812 ἅμα
1223 738 1276 794 καὶ
1303 733 1536 813 πιστευόμενος.
1582 732 1670 816 ἐἴης
1700 729 1757 796 ούν
1782 753 1838 812 μοι
1868 736 1922 794 καὶ
1952 730 2014 805 ζών
2034 738 2090 793 καὶ

498 836 677 919 ίηραμένος
699 842 753 899 καί
774 838 934 916 εὔθυμος,
969 841 1023 898 καί
1053 840 1134 918 πρδς
1158 837 1162 923 1
1186 838 1304 909 τούτοις
1325 840 1369 919 τῷ
1392 835 1477 920 φίλῳ
1499 837 1555 918 την
1577 838 1648 919 ἴσην
1670 833 1849 917 ἀποσώζων
1872 834 1943 897 διό·
2012 837 2088 901 110¹

498 944 601 1017 θτσιν,
623 946 679 1024 την
700 944 824 1020 κρείττω
846 940 918 1020 γάρ.
955 940 1011 1002 δια
1044 942 1071 1002 τί
1076 968 1087 1018 3
1121 943 1142 1023 η’
1170 945 1238 1012 πώς
1260 942 1302 1002 ἀν
1323 939 1412 1021 ἡμεῖς
1435 937 1661 1018 ἀνασχοίμεθα
1683 940 1718 1001 τό
1741 933 1830 1021 η’ττον
1852 940 1896 1011 είς
1918 961 1951 1013 γε
1975 939 2090 1018 φιλίαν

499 1046 578 1125 πρδς
599 1046 672 1116 τούς
693 1044 801 1126 φιλεῖν
821 1044 998 1115 ἐθέλοντας
1019 1043 1268 1123 ἀποφέρεσθαιγ
1300 1046 1320 1126 ἢ
1349 1041 1408 1122 ούχ
1436 1042 1508 1116 ἀλις
1537 1042 1584 1105 ότι
1609 1040 1792 1121 λειπόμεθα
1815 1044 1963 1104 τοσοῦτον
1985 1040 2089 1107 αύτών

497 1146 552 1210 ἐπί
572 1158 636 1220 τοῖς
657 1145 770 1220 ἀλλοις
797 1147 924 1224 καλοῐςς
959 1144 1044 1210 ἀλλά
1074 1153 1128 1212 τοῦ
1150 1170 1185 1224 γε
1207 1148 1313 1229 φιλεῖν
1335 1145 1441 1211 οῦδενλ
1468 1149 1531 1208 τών
1553 1145 1683 1208 πόντων
1712 1144 1988 1228 παραχωρησομεν
2017 1143 2087 1211 οῦδ

497 1249 660 1333 ἔφη’σομεν
692 1252 861 1331 πρωτεύειν
889 1246 995 1332 ἡμῶν,
1029 1250 1169 1334 ἰσότητος
1191 1251 1221 1314 δ’
1244 1254 1287 1313 ἀν
1307 1251 1453 1324 δπιεικώς
1472 1248 1693 1331 μεταδοίημεν,
1724 1255 1779 1310 καί
1799 1249 1940 1330 μόλιστα
1962 1252 2021 1323 σοί,
2047 1252 2089 1334 τοῦ

498 1354 687 1436 προσθηκην
715 1364 779 1426 τοῖς
807 1353 949 1438 φίλτροις
981 1353 1016 1415 έκ
1046 1360 1099 1437 της
1133 1359 1187 1415 καλ
1218 1356 1295 1416 καθ’
1326 1351 1407 1433 αίμα
1437 1361 1518 1432 προς
1546 1353 1630 1435 ἡμᾶς
1662 1357 1830 1427 κοινωνίας
1861 1357 2013 1433 παρέχειν
2044 1356 2087 1426 ώς

497 1457 581 1531 είκδς
603 1458 712 1535 ἔχοντι.

586 1564 675 1629 171.
699 1564 748 1639 οβ.
781 1559 909 1635 ιὈλίγα
930 1563 990 1641 μέν
1013 1559 1099 1641 ημείς
1121 1561 1251 1623 δυνατοί
1273 1560 1329 1622 διὰ
1351 1565 1414 1622 τών
1437 1564 1596 1640 σαρκικῶν
1618 1560 1737 1624 τούτων
1759 1558 1872 1641 ὄψεων
1894 1571 1958 1634 τοτς
1981 1562 2088 1644 φίλοις

500 1668 717 1741 συγγίνεσθαι,
741 1663 796 1728 ούκ
819 1663 912 1742 δλίγα
935 1664 971 1728 δὲ
994 1664 1120 1737 παντως
1143 1664 1197 1726 διδ
1220 1668 1285 1726 τών
1307 1669 1456 1744 ψυχικών
1478 1669 1531 1725 καί
1553 1661 1699 1744 ἀδήλων·
1724 1662 1767 1736 ώς
1789 1686 1853 1726 που
1875 1671 1929 1727 καί
1951 1668 2006 1749 την
2028 1666 2087 1748 σην

498 1766 643 1850 ὁσιότητα
675 1770 778 1847 βραχύ
805 1770 868 1850 πρδ
897 1772 1011 1848 καιροῦ
1041 1773 1124 1840 τινός
1146 1771 1400 1851 συγχωρηθέντος
1423 1767 1505 1830 ίδεῐν
1527 1773 1581 1830 καί
1603 1770 1680 1833 ὅσον
1700 1770 1736 1833 έν
1757 1768 1864 1853 ὕπνῳ,
1895 1769 1976 1831 κατά
2000 1772 2086 1834 τοῦτο

498 1871 538 1956 δη
559 1873 594 1934 τδ
617 1871 820 1952 βλεπόμενον
842 1871 988 1951 ἀορότως
1020 1869 1096 1961 αῦτῇ
1127 1870 1181 1934 διὰ
1207 1872 1327 1943 παντός
1355 1875 1517 1951 σύνεσμεν,
1552 1878 1606 1933 καί
1633 1877 1689 1935 τόν
1717 1872 1854 1938 πλοῦτον
1884 1876 1947 1933 τόν
1976 1873 2087 1956 ταύτης

496 1974 618 2055 ἀρεταῖν
647 1978 843 2056 θεωροῦμεν,
880 1981 934 2037 καί
962 1975 1064 2057 ἡδέως
1094 1974 1189 2040 αὐτοῦ
1214 1980 1466 2055 κατατρυφώμεν
1500 1982 1554 2036 καί
1584 1973 1810 2056 ἀπολαύομεν,
1842 1975 1883 2038 δι’
1912 1973 2005 2059 εὐχῆς
2037 1976 2086 2039 δτι

495 2079 634 2158 μάλιστα
663 2079 859 2162 θερμοτάτης
887 2078 957 2158 ἅμα
980 2077 1164 2158 ποιούμενοι
1196 2083 1250 2140 καὶ
1280 2077 1323 2141 δι’
1352 2078 1491 2158 έφέσεως
1513 2079 1651 2158 ἔχοντες,
1681 2081 1734 2145 ἐπὶ
1754 2081 1904 2163 μηκιστον
1925 2080 2002 2162 ἡμῖν
2023 2103 2085 2159 χα-

496 2186 650 2264 ρισθῆναι
680 2186 735 2243 καὶ
751 2187 846 2244 παντὶ
867 2187 911 2265 τῷ
934 2183 1014 2243 καθ’
1038 2180 1120 2264 ἡμᾶς
1141 2185 1200 2266 βίῳ
1221 2185 1310 2246 τοῦτο
1332 2184 1366 2244 τό
1389 2186 1498 2244 κοινόν
1521 2182 1665 2261 ἀγαθόν,
1700 2182 1848 2267 ηίμηδὲν
1869 2184 1982 2266 ὅμοιον
2004 2184 2086 2248 ίδετν

496 2285 579 2349 ἐστίν
599 2288 705 2365 ἕτερον
728 2285 732 2371 Ι
756 2284 793 2347 έν
814 2288 943 2358 ταύταις
970 2295 1039 2359 ταῖς
1068 2282 1199 2366 ἡμέραις
1227 2282 1328 2367 ἡμῶν.
1373 2284 1441 2366 ἐἴη
1473 2289 1579 2347 τοίνυν
1608 2284 1688 2349 οῦτω
1719 2293 1771 2349 καὶ
1801 2291 1938 2366 γένοιτο,
2008 2289 2085 2354 110²

495 2394 549 2451 καί
577 2392 633 2472 τη“ν
661 2392 719 2471 σην
755 2386 903 2471 ἀγιότητα
941 2389 1147 2470 χρονιώτερον
1185 2387 1332 2467 δμμείναι
1359 2390 1402 2470 τῷ
1431 2391 1492 2473 βίῳ
1525 2388 1541 2450 δ
1573 2394 1636 2451 τών
1666 2393 1746 2454 κατά
1777 2395 1811 2454 σε
1840 2391 1975 2454 δικαίων
2007 2393 2085 2466 θεδς

495 2490 673 2574 εύδοκησοι,
696 2491 824 2553 ἀλοπύν
845 2514 877 2553 τε
898 2496 953 2552 καί
975 2492 1095 2554 ἄνοσον
1123 2491 1174 2553 ἀεὶ
1202 2495 1362 2575 σοντηρών
1389 2496 1444 2553 καὶ
1472 2496 1592 2568 παντός
1620 2495 1800 2575 ἐλευθέραν
1829 2491 2009 2578 ἀβούλητον
2032 2500 2087 2557 καί

495 2593 625 2678 ἀηδοῦς.
648 2600 720 2675 περὶ
741 2590 787 2657 ών
809 2599 864 2657 καί
885 2593 1074 2675 ἀρκούντως.
1127 2594 1224 2657 3ἀλλ’
1248 2594 1375 2669 ἀντίδος
1406 2602 1460 2658 καί
1482 2595 1576 2671 αύτδς
1597 2595 1673 2681 ἡμῖν
1693 2603 1773 2678 μίαν
1794 2603 1959 2680 μακαρίαν
1981 2598 2085 2683 τύχην,

496 2698 535 2781 ἢν
557 2697 636 2780 ύοὲρ
657 2702 788 2780 χρυσίον
809 2703 864 2761 καὶ
886 2698 984 2761 λίθον
1005 2698 1238 2781 έπιποθούμεν,
1261 2704 1316 2760 καί
1338 2717 1388 2763 σοι
1409 2699 1518 2763 πάντα
1540 2705 1657 2785 χωροίη
1679 2706 1758 2765 κατό
1774 2708 1897 2767 σκοπδν
1910 2707 2084 2784 πανταχοῦ,

494 2802 554 2865 ὅσα
575 2826 607 2864 τε
628 2802 710 2885 πρὸς
730 2801 765 2866 τδ
788 2804 845 2866 νῦν
866 2801 940 2878 έστί,
963 2807 1017 2863 καί
1039 2802 1149 2887 πολλῷ
1172 2802 1273 2866 πλέον
1295 2803 1356 2865 όσα
1378 2806 1458 2884 πρὸς
1479 2810 1513 2867 τό
1534 2805 1654 2886 μέλλον
1677 2811 1731 2867 καί
1752 2807 1808 2889 την
1829 2806 1957 2872 έλπίδα.

581 2909 673 2974 172.
696 2929 744 2983 ογ.
769 2906 952 2983 1Ἀλγεινδν
971 2910 1032 2987 μεν
1052 2907 1184 2990 σφόδρα
1205 2910 1239 2970 τύ
1263 2905 1375 2981 πόθος
1397 2907 1450 2995 (ού
1464 2911 1526 2993 γάρ
1538 2910 1621 2972 ἔστιν
1639 2909 1741 2973 εἰπεῖν
1756 2908 1799 2983 ώς
1814 2908 1909 2993 ούχί),
1933 2909 2084 2988 ἀλγεινόν

493 3013 574 3088 πρδς
603 3008 766 3092 ἀληθειαν
794 3017 849 3075 καὶ
879 3012 953 3076 λίαν
982 3010 1150 3094 δδονηρόν,
1184 3011 1221 3074 οῦ
1250 3017 1372 3096 γηραιῷ
1406 3018 1503 3093 πατρὶ
1530 3018 1635 3093 μόνον
1664 3020 1718 3076 καί
1739 3019 1887 3078 τοσοῦτον
1908 3014 2084 3097 φιλόπαιδα

494 3112 641 3186 θάνατος
662 3109 733 3178 υλοῦ
755 3115 991 3199 φιλοπόταρος,
1023 3114 1057 3178 τό
1080 3121 1173 3195 σῶμα
1194 3119 1255 3196 μὲν
1278 3120 1352 3179 νέου
1356 3164 1369 3193 ,
1391 3117 1535 3182 παλαιοῦ
1557 3116 1593 3179 δὲ
1615 3120 1649 3180 τὸ
1672 3123 1827 3202 φρόνημα
1832 3167 1843 3196 ,
1875 3124 1929 3180 καί
1951 3119 2088 3200 παιδείᾳ,

491 3224 547 3283 καλ
568 3219 676 3295 λόγοις
697 3225 752 3282 καὶ
773 3221 881 3300 χάρισι
903 3222 1070 3293 παντοίαις
1091 3223 1343 3303 κεκοσμημένον,
1378 3226 1433 3282 καί
1463 3221 1517 3284 διδ
1548 3224 1645 3286 ταῦτα
1674 3232 1739 3295 τοῖς
1760 3227 1841 3285 πᾶσι
1862 3223 2085 3307 προσηκόντως

494 3324 710 3407 ηγαπημένοο.
757 3322 815 3388 ὀύ
844 3329 939 3406 πατρί
969 3329 1075 3386 τοίνυν
1104 3322 1208 3404 μόνον
1234 3323 1376 3403 χαλεπὸν
1405 3328 1460 3386 καὶ
1481 3327 1658 3405 βαρύτατον
1679 3326 1696 3408 ἡ
1719 3325 1853 3410 τοσαύτη
1875 3328 1979 3411 ζημία,
2013 3326 2083 3393 οῦδ

492 3425 569 3509 ἢμίν
583 3437 648 3499 τοῖς
660 3430 867 3491 κοινωνοῦσιν
879 3426 1055 3507 ἀγχιστείας
1076 3428 1098 3507 ἢ
1120 3433 1252 3505 αίματος
1275 3432 1328 3488 καλ
1351 3427 1406 3490 διὰ
1429 3428 1570 3509 φίλτρων
1592 3430 1746 3493 τοσούτων
1768 3429 1825 3492 ἀπ’
1847 3429 1947 3511 ἀρχῆς
1969 3449 2084 3515 συνημ-

491 3533 614 3611 μένοις,
649 3527 736 3592 ἀλλά
758 3537 812 3592 καὶ
831 3534 931 3595 πᾶσιν
952 3531 1071 3616 (οίμαι)
1093 3541 1157 3602 τοῖς
1171 3530 1255 3602 όλως
1271 3535 1455 3612 πειραθείσι
1472 3536 1525 3614 τῆς
1542 3531 1790 3608 καλοκάγαθίας
1804 3538 1859 3598 τοῦ
1877 3533 2082 3609 ἀπελθόντος

490 3639 585 3718 η’καί
607 3635 714 3708 ἄλλως
733 3640 905 3714 γνωρίσασι
927 3637 982 3698 τδν
1004 3633 1111 3715 ἄνδρα
1134 3634 1176 3697 δι’
1200 3632 1309 3716 ἀκοῆς.
1336 3634 1340 3720 J
1365 3634 1409 3697 ἔτι
1442 3635 1470 3698 δ’
1501 3635 1589 3716 οἶμαι
1617 3637 1802 3699 τῶνόντων
1824 3635 1926 3710 οὐδεὶς
2006 3644 2081 3704 lll1

490 3740 526 3813 ῦς
547 3736 604 3804 ούκ
626 3740 706 3814 ε’γνω
730 3743 783 3799 καί
805 3739 937 3820 ἤκουσεν
958 3737 1096 3817 ἀνιαρὸν
1115 3736 1242 3810 είκότως
1263 3741 1297 3801 τό
1319 3743 1453 3820 πρᾶγμα
1476 3743 1530 3801 καλ
1552 3738 1704 3822 λυπηρόν,
1731 3745 1786 3802 καί
1806 3741 1898 3823 κοινή
1919 3764 1964 3814 τις
1987 3742 2080 3826 ζημία

491 3847 545 3905 καλ
566 3843 718 3924 σομφορδ
741 3844 775 3905 τδ
798 3841 935 3921 σομβάν.
981 3839 1088 3904 δάλλά
1118 3844 1147 3904 τί
1175 3841 1245 3904 ποτ’
1273 3844 1316 3903 ἀν
1344 3845 1488 3922 εἴποιμεν
1511 3840 1599 3926 ἡμεῖς
1621 3845 1671 3906 έπ’
1693 3843 1795 3925 αύτῷς
1828 3849 1856 3906 τί
1879 3845 1908 3908 δ’
1930 3848 1973 3907 ἀν
1996 3847 2081 3928 δρό-

491 3964 604 4027 σαιμεν
626 3945 709 4010 ἄλλο
732 3945 815 4027 πλὴν
837 3948 857 4028 η’
877 3947 981 4026 μόνον
1001 3946 1119 4023 έκεῖνο,ο
1147 3947 1407 4031 μνησθησόμεθα
1431 3950 1512 4012 θεοῦ
1534 3970 1566 4010 τε
1587 3951 1641 4009 καί
1664 3948 1805 4030 φύσεως,
1836 3954 1890 4010 καί
1913 3947 1956 4023 ώς
1978 3946 1995 4013 δ
2020 3955 2081 4031 μὲν

489 4049 507 4112 δ
537 4049 630 4124 αύιός
658 4049 742 4112 ἔστιν
769 4047 787 4111 δ
818 4052 872 4110 καὶ
901 4041 1060 4132 συνδησας
1082 4053 1136 4111 καί
1163 4050 1275 4125 λύσας,
1305 4050 1324 4113 ὅ
1354 4074 1385 4113 τε
1412 4051 1467 4132 την
1497 4050 1598 4134 ἀρχὴν
1627 4051 1871 4132 παρασχόμενος
1901 4057 1954 4115 καλ
1983 4054 2081 4121 δνῦν

490 4153 705 4237 ἀφελόμενος,
738 4151 756 4236 νζ
780 4152 817 4215 δὲ
839 4153 935 4235 φύσις
956 4155 990 4215 τδ
1014 4155 1127 4226 πόθος
1149 4152 1205 4216 ἀπ’
1228 4151 1328 4236 ἀρχῆς
1350 4158 1541 4239 κατεκρίθη,
1578 4159 1632 4216 καί
1662 4154 1716 4217 διὰ
1747 4156 1866 4228 παντὸς
1888 4159 1966 4219 καθ’
1988 4155 2080 4233 ἀπαξ

489 4256 676 4330 δθάνατος
697 4260 868 4336 χωριστοῦ
890 4259 1030 4338 θνητοῦ,
1061 4263 1116 4320 καί
1144 4255 1240 4323 ούδεν
1267 4257 1335 4322 οὔτε
1365 4262 1493 4335 γέγονεν
1523 4258 1592 4324 οῦτε
1614 4259 1697 4322 ἔστιν
1727 4260 1791 4325 οὔτ’
1823 4261 1909 4324 ἔσται
1933 4265 1995 4324 τών
2016 4262 2079 4329 ύπδ

488 4361 523 4424 τό
545 4360 621 4426 αὐτό
642 4362 822 4439 γενομένων
843 4359 898 4442 ἀφ’
919 4358 1010 4434 ἅπαξ
1031 4368 1084 4444 τῆς
1107 4365 1241 4444 φθορᾶς
1262 4364 1372 4442 ταύτης
1394 4365 1510 4442 κρίμα,
1539 4364 1558 4425 δ
1588 4364 1630 4446 μη“
1659 4368 1747 4428 τοῦτο
1778 4369 1834 4425 καλ
1855 4368 2005 4427 πέπονθε
2025 4373 2080 4427 καί

487 4467 603 4545 πάσχει
640 4468 695 4525 καὶ
716 4467 871 4539 πείσεται,
907 4467 968 4526 κάν
989 4467 1024 4526 τδ
1046 4468 1106 4543 μέν
1127 4464 1233 4530 αὐτῶν
1262 4464 1382 4544 τάχιον,
1414 4469 1448 4529 τό
1480 4466 1515 4528 δε
1546 4472 1599 4528 καί
1629 4466 1766 4548 βράδιον
1795 4470 1870 4542 ἴσως
1892 4472 2001 4556 πάσχη
2024 4475 2078 4531 καὶ

487 4569 607 4653 λύηται.
651 4568 865 4649 4θαυμαστόν
887 4566 947 4632 οῦν
968 4566 1063 4632 οῦδὲν
1084 4567 1159 4633 οὐδὲ
1183 4569 1217 4633 τδ
1241 4567 1298 4634 νῦν
1319 4560 1411 4632 καὶ·ἰο
1424 4568 1584 4654 ἡμέτερον,
1607 4569 1691 4633 ἀλλά
1716 4576 1770 4632 καὶ
1792 4570 1867 4634 λίαν
1888 4569 2080 4654 ἀνθρώπως

489 4671 629 4756 σύνηθές
650 4696 681 4735 τε
711 4677 764 4733 καί
792 4670 974 4753 γνώριμον,
996 4677 1049 4734 καί
1081 4674 1176 4740 οῦδὲν
1206 4672 1304 4747 ούτως
1333 4677 1438 4755 έτερον
1467 4673 1510 4747 ώς
1540 4671 1751 4756 ἀνθρώπινος
1773 4673 1919 4748 θόνατος
1942 4679 1979 4765 τῇ
2001 4680 2082 4739 καθ’

486 4776 569 4860 ἡμᾶς
592 4776 653 4866 ζωῇ
674 4799 705 4838 τε
728 4780 782 4838 καί
803 4777 917 4853 γνώσει
939 4782 1150 4863 ουνφκείωταί
1172 4803 1203 4843 τε
1225 4782 1280 4840 καὶ
1302 4784 1550 4859 κατατέτριπται.
1597 4779 1647 4842 15εί
1670 4777 1698 4841 δ’
1720 4779 1847 4859 ένοχλεί
1860 4780 1894 4842 οδ
1908 4779 1971 4863 πρό
1991 4780 2078 4861 ώρας

485 4880 561 4952 ίσας
582 4879 746 4956 ἐνταῦθα,
778 4876 851 4941 ἀλλ’
880 4878 983 4944 έκεῖνο
1004 4882 1134 4960 πόντως
1154 4882 1211 4948 οῦκ
1234 4884 1372 4965 ἄκαιρον
1393 4888 1474 4967 πρὸς
1493 4887 1583 4949 τοῦτο
1606 4884 1818 4963 λογίσασθαι,
1850 4881 1897 4946 δα
1921 4882 1938 4946 ό
1960 4884 2078 4947 τάττων
