4560 6172
522 469 583 533 148
2011 463 2094 530 183

519 638 628 718 ἔβαλε,
665 643 718 701 καὶ
745 641 801 720 τήν
830 642 916 702 θέαν
946 639 984 704 ού
1014 640 1169 721 φέροντας
1198 639 1348 721 παρῆλθε
1376 638 1471 718 ταχύτ
1505 636 1630 717 μᾶλλον
1653 634 1688 697 δέ
1709 635 1785 713 μεθ’
1810 635 1900 717 ήμῶν
1921 633 2021 695 ἐστὶν1
2044 631 2093 696 αἐί

520 745 600 804 κατά
623 742 678 825 τήν
700 743 881 822 ὑπόσχεσιν,
904 749 958 806 καί
980 743 1098 824 λάμπει
1120 753 1184 815 τοῖς
1205 742 1305 819 άξίοις
1327 747 1380 805 καί
1396 746 1464 816 νῦν,
1486 740 1572 802 άλλδ
1589 742 1668 821 πρὸς
1683 739 1788 814 άξίαν,
1812 744 1864 798 καί
1879 739 2094 817 μετριωτερον·

521 845 560 930 δή
583 847 718 927 σήμερον
740 846 775 908 δέ
797 848 852 928 τήν
876 851 1008 927 Χριστοῦ
1030 849 1146 928 μητέρα
1169 858 1304 909 ποιεῖται
1324 846 1502 928 μυστήριον,
1524 845 1558 906 έκ
1578 844 1717 925 μεγάλου
1731 866 1760 905 τε
1776 846 1857 921 μέγα
1880 846 1932 902 καί
1946 841 2093 920 λαμπρόν

519 950 554 1011 ἐκ
576 949 733 1030 λαμπροῦ,
757 955 810 1011 καὶ
833 951 1021 1031 προφθάνει
1045 951 1239 1033 φαιδρότητα
1263 950 1435 1032 φαιδρότης
1465 948 1650 1032 δημοτελής,
1686 954 1738 1009 καί
1765 951 1889 1028 μεγίστη
1918 945 2093 1026 πανήγυρις

519 1053 701 1135 τηλικαύτην
724 1052 978 1131 καταλαμβάνει,
1010 1053 1089 1118 οὕτω
1112 1053 1217 1116 πάντα
1239 1055 1356 1131 τρόπον
1386 1052 1460 1135 ήμίν
1490 1052 1714 1134 άγαθυνούσης
1742 1056 1793 1132 τής
1817 1049 2015 1132 άγαθότητος
2038 1055 2090 1110 καί

518 1158 613 1237 χάριν
636 1155 782 1239 διδούσης
803 1155 883 1217 κατὰ
908 1158 1021 1237 καιρδν
1043 1154 1111 1219 άντί
1133 1158 1291 1236 χάριτος*·
1322 1156 1389 1218 οίδε
1417 1159 1478 1235 γὰρ
1507 1156 1525 1238 ή
1557 1158 1656 1239 σοφία
1687 1158 1957 1234 παραμυθεῖσθαι
1986 1156 2094 1233 σοφάς

519 1262 552 1324 τό
575 1265 627 1342 τῆς
649 1259 857 1341 α’νθρωπίνης
878 1258 1049 1333 α’σθενείας
1071 1261 1232 1340 ἁψίκορον
1242 1273 1273 1334 ¹¹²,
1306 1262 1346 1322 ίν’
1368 1260 1472 1338 ὥσπερ
1495 1262 1675 1322 κακόσιτοι“
1696 1264 1738 1341 τῷ
1762 1256 1926 1320 πολυτελεῖ
1946 1263 1997 1316 καί
2021 1277 2092 1318 ποι-

520 1363 595 1447 κίλῳ
617 1366 679 1425 τῶν
702 1366 916 1443 προκειμένων
937 1361 1153 1443 άνακτοίμεθα
1175 1366 1229 1447 τήν
1251 1366 1355 1443 ὄρεξιν
1377 1364 1571 1440 κάμνουσαν,
1601 1370 1654 1424 καί
1675 1375 1741 1434 ταίς
1763 1364 1961 1442 προθυμίαις
1984 1359 2092 1439 άκμά-

521 1467 630 1542 ζοντες,
653 1467 763 1540 ὁσάκις
785 1469 827 1528 άν
850 1469 926 1541 δέοι,
952 1468 1031 1547 πρδς
1052 1473 1189 1548 τὴντῶν
1209 1471 1367 1549 χρησίμων
1390 1465 1589 1553 άήπαντοίμεν
1611 1466 1802 1529 α’πύλαυσιν.
2014 1468 2092 1531 202²

606 1570 723 1634 4Ἀλλά
745 1594 783 1647 με
807 1570 1000 1650 θερμότερον
1020 1582 1100 1632 κινετ
1118 1572 1155 1632 τά
1180 1571 1342 1652 παρόντα,
1373 1577 1426 1632 καί
1448 1577 1558 1652 φέρειν
1577 1573 1706 1652 μετρίως
1727 1569 1783 1635 οῦκ
1805 1570 1865 1649 ἔχω
1886 1573 1940 1651 τήν
1962 1568 2090 1653 ήδονήν,

520 1679 575 1738 καί
596 1675 671 1758 ζητῶ
696 1677 806 1756 φωνήν
829 1673 924 1748 άξίαν
946 1677 1000 1735 τοῦ
1025 1677 1201 1753 θαύματος.
1221 1674 1375 1754 βοήσομαι
1397 1679 1502 1736 τοίνυν
1525 1675 1675 1757 λαμπρόν
1696 1698 1723 1736 τι
1744 1679 1798 1736 καί
1813 1673 2012 1755 διαπρύσιον,
2037 1681 2089 1735 καὶ

520 1784 572 1864 τής
593 1779 711 1862 ήμέρας
732 1777 787 1859 τήν
808 1778 901 1859 χάριν
923 1775 1038 1862 ῦψηλῷ
1060 1776 1181 1860 κηρύξω
1202 1778 1381 1859 κηρύγματι.

608 1882 761 1965 5Μητρδς
783 1884 862 1944 θεοῦ
884 1885 1026 1963 κοίμησιν
1047 1879 1234 1962 ἑορτάζομεν
1254 1880 1398 1963 σήμερον,
1420 1884 1534 1960 μητρός
1552 1885 1635 1945 θεοῦ
1650 1880 1858 1958 κατάπαυσιν,
1881 1885 1996 1965 μητρός
2013 1885 2090 1945 θεοῦ

404 2066 409 2071 χ
520 1986 716 2069 μετάστασιν,
740 1983 910 2065 άνάβασιν,
933 1985 1081 2066 ἔπαρσιν·
1106 1990 1159 2045 καί
1180 1986 1346 2067 προσθήκη
1367 1989 1420 2050 τοῦ
1444 1985 1617 2064 θαύματος,
1640 1984 1687 2048 δτι
1710 1992 1761 2047 καὶ
1776 1988 1917 2069 θυγάτηρ
1941 1986 1957 2068 ή
1981 1987 2088 2068 μήτηρ,

522 2094 583 2156 ἔστι
605 2091 635 2154 δ’
657 2091 703 2152 δτι
725 2093 778 2150 καί
801 2086 916 2171 νύμφη,
941 2093 994 2150 καί
1015 2092 1180 2168 παρθένος
1202 2087 1299 2161 αὖθις
1322 2087 1339 2171 ή
1363 2089 1487 2173 νύμφη,
1518 2096 1570 2150 καί
1600 2089 1654 2152 διά
1685 2092 1788 2153 πάντα
1817 2090 2003 2170 βασίλισσα,
2035 2096 2089 2152 καί

521 2197 619 2280 δούλη
642 2194 704 2276 πρὸ
728 2193 866 2268 πάντων,
889 2197 942 2253 καί
962 2199 1025 2255 τιῦν
1047 2193 1246 2274 χαρισμάτων
1269 2197 1300 2255 εδ
1325 2193 1450 2275 πλῆθος
1466 2196 1609 2256 ποικίλον
1631 2200 1683 2256 καί
1698 2195 1916 2273 πολυώνυμον.
1961 2195 2088 2276 6ταύτης

522 2305 641 2384 αἴρεται
664 2303 722 2364 νῦν
744 2296 810 2361 άπδ
833 2299 884 2379 τῆς
906 2296 961 2379 γῆς
982 2294 1000 2379 ή
1024 2297 1102 2381 ζωή,
1132 2303 1186 2358 καί
1215 2304 1293 2378 πρὸς
1323 2297 1474 2377 οὐρανούς
1502 2297 1685 2379 άνυψοῦται
1713 2303 1775 2360 ταῖν
1803 2299 1948 2380 οὐρανῶν
1970 2297 2003 2361 τὰ
2026 2321 2086 2378 μυ-

522 2405 655 2487 στήριον,
678 2410 739 2465 τῶν
762 2400 905 2478 άγγέλων
925 2403 959 2462 τδ
982 2404 1114 2479 θαῦμα,
1137 2404 1198 2464 τῶν
1220 2400 1407 2482 άνθράπων
1428 2403 1462 2464 τδ
1484 2402 1614 2480 κράτος,
1637 2401 1655 2484 ή
1678 2407 1732 2469 τοῦ
1752 2407 1862 2478 γένους
1883 2402 2038 2480 εῦγένεια,
2068 2403 2087 2484 ή

521 2510 708 2591 χριστιανοίν
729 2506 906 2588 παρρησία,
938 2507 972 2566 τῦ
999 2505 1116 2578 παντός
1147 2505 1246 2568 καλοῦ
1274 2505 1402 2584 μείζον0
1425 2504 1615 2586 άσυγκρίτως
1643 2507 1762 2582 καλόν,
1796 2513 1849 2568 καὶ
1879 2509 1933 2570 τδν
1968 2509 2087 2591 θνητόν

520 2618 650 2677 τοῦτονῐ)
673 2614 794 2690 κόσμον
814 2617 878 2681 τοϊς
900 2611 1028 2691 θνητοίς
1050 2608 1304 2688 καταλείψασαν,
1333 2609 1408 2692 αδτή
1440 2613 1518 2690 πρὸς
1540 2609 1578 2689 ἢν
1598 2609 1679 2672 ἔτεκε
1702 2609 1782 2694 ζωήν
1802 2622 2002 2691 μεταχωρείῐ.
2049 2613 2088 2694 Ίή

523 2718 558 2781 δέ
579 2720 634 2799 τήν
651 2718 769 2797 μητέρα
791 2717 846 2773 καί
867 2712 1023 2787 δεξιοῦται
1045 2713 1208 2794 λαμπρῶς,
1230 2718 1283 2775 καί
1306 2713 1475 2795 φιλοτίμως
1493 2712 1684 2799 άΙσπάζεται.
1705 2712 1858 2795 ὁκρατοῦν
1868 2722 1945 2792 γοῦν
2010 2719 2087 2783 203¹

525 2822 666 2903 άρρήτως
686 2821 723 2907 τή
744 2820 822 2898 χειρί
843 2817 945 2898 πνοήν
967 2817 1099 2880 εἴπασαν
1119 2818 1172 2881 έπὶ
1193 2818 1304 2901 ταύτην
1326 2818 1479 2879 κάτεισιν8
1502 2815 1614 2894 αὖθις,
1638 2818 1695 2881 οῦκ
1717 2819 1887 2902 ένοικήσων
1908 2819 1965 2904 (ὥς
1987 2824 2088 2905 πρίν);

524 2923 594 2988 ἄλλ’
617 2921 674 3009 (ὡς
695 2921 809 3004 εἰπεῖν)
831 2922 1003 2999 έξοικίσων,
1031 2923 1155 3002 μᾶλλον
1177 2920 1213 2984 δὲ
1236 2925 1419 2984 ιατοικίσων
1441 2916 1480 2984 ού
1502 2922 1766 3002 πρεπωδέστερον,
1799 2930 1851 2985 καί
1873 2926 2017 3004 μετάξων
2038 2926 2088 2989 έν·

522 3033 635 3093 τεῦθεν
656 3031 735 3107 πρὸς
755 3023 868 3087 ἑαυτὸν
888 3029 943 3109 τήν
964 3027 1000 3090 έν
1021 3027 1213 3106 σπλάγχνοις
1233 3023 1400 3106 άχράντοις
1414 3029 1594 3087 κενωθέντα
1606 3028 1820 3102 βαστάσασαν.
1844 3027 1897 3090 διά
1912 3031 2016 3091 τοῦτοί
2036 3036 2089 3092 καί

522 3132 660 3214 πάρεστι,
683 3135 736 3191 καί
759 3131 890 3210 στρατὸν
909 3129 1074 3208 άγγελιτδν
1097 3136 1150 3192 καὶ
1170 3128 1323 3212 οῦράνιον
1344 3129 1445 3213 ἑαυτῷ
1460 3130 1677 3206 συνεπάγεται,
1700 3134 1775 3210 μεθ’
1787 3127 1848 3193 ὥν“
1863 3131 1963 3194 πάλιν
1976 3134 2087 3208 ἄνεισι,

521 3237 576 3321 τήν
598 3240 750 3300 τεκοῦσαν
771 3230 920 3313 άπάγων,
943 3238 997 3297 καὶ
1016 3235 1157 3318 μεγάλην
1179 3235 1349 3296 άντέκτισιν
1365 3232 1506 3311 μεγάλου
1527 3233 1758 3311 καταβάλλων
1780 3236 1918 3312 δανείου,
1941 3238 2089 3319 παλιγγε-

524 3345 630 3404 νεσίαν
652 3338 721 3401 άντί
742 3338 912 3421 γεννήσεως
939 3345 993 3401 καί
1016 3337 1082 3404 άντί
1110 3339 1293 3417 σαρκάσεως
1324 3341 1453 3399 θέωσιν.
1484 3344 1571 3403 τοῦτο
1601 3339 1675 3421 ήμίν
1705 3345 1782 3423 τής”
1803 3339 1909 3424 έορτής
1930 3348 1963 3404 τό
1988 3346 2089 3425 κεφάα·

525 3447 636 3518 λαιον,
674 3441 750 3526 αῦτη
770 3445 822 3524 τής
844 3440 961 3524 ήμέρας
983 3442 1001 3525 ή
1025 3443 1169 3523 δύναμις.
1216 3440 1280 3513 8τίς
1308 3439 1344 3504 ού
1370 3445 1470 3522 χαίρει
1492 3448 1572 3522 πρὸς
1592 3446 1687 3506 ταῦτα
1709 3448 1761 3503 καί
1784 3467 1838 3525 την
1860 3448 1966 3527 ψυχήν
1988 3444 2089 3528 η’ρέμα

524 3551 686 3627 πτεροῦται
709 3551 763 3608 καί
785 3547 819 3609 τδ
843 3552 935 3627 στῦμα
957 3546 1134 3631 κουφίζεται
1164 3551 1216 3606 καί
1246 3544 1319 3618 δλος
1346 3545 1390 3618 είς
1420 3544 1503 3626 ῦψος
1522 3546 1748 3626 μετεωρίζεταις
1777 3551 1821 3620 τίς
1841 3551 1988 3622 τοιούτοις
2010 3552 2089 3613 θεά-

523 3668 621 3730 μασιν
642 3650 777 3728 έντυχών
798 3648 855 3716 οῦκ
880 3652 1051 3732 έπαίρεται,
1074 3655 1127 3711 καί
1150 3660 1336 3731 περιφρονεῖ
1355 3647 1454 3711 τᾶλλα
1477 3653 1592 3730 πάντα,
1614 3657 1667 3711 καί
1689 3652 1768 3730 πρὸς
1789 3655 1824 3714 έν
1846 3657 1932 3716 τοῦτο
1946 3657 2091 3736 φέρεταις

524 3761 568 3828 τίς
591 3754 688 3837 ήδίων
710 3752 906 3833 α’πύλαυσις,·
931 3760 973 3829 τίς
995 3755 1135 3836 άμείνων
1155 3753 1273 3835 τρυφή,
1295 3757 1338 3826 τίς
1353 3751 1442 3833 ἑτέρα
1457 3758 1569 3832 τέρψις
1583 3759 1764 3834 χαριεστέρα
1779 3760 1830 3840 τῆς
1845 3759 1994 3819 τοιάσδει
2017 3781 2090 3840 φαι-

525 3859 688 3943 δρότητοςη
705 3859 743 3941 ἢν
758 3860 835 3930 θεός
848 3883 878 3922 τε
888 3862 1001 3940 παρών
1013 3866 1067 3922 καὶ
1078 3864 1171 3939 χορός
1183 3857 1334 3944 άγγέήλων
1346 3861 1450 3920 συνων
1463 3865 1516 3918 καί
1527 3857 1771 3938 λειτουργοῦντες
1782 3859 1955 3923 άπόστολοι
2013 3863 2091 3928 203²

525 3969 578 4025 καί
598 3961 696 4045 μήτηρ
720 3966 800 4027 θεοῦ
821 3967 994 4047 τιμωμένη,
1025 3963 1063 4026 δι’
1090 3964 1129 4047 ήν
1151 3965 1245 4025 ταῦτα
1269 3963 1374 4023 πάντα
1398 3967 1451 4021 καὶ
1480 3967 1550 4042 περὶ
1579 3961 1636 4046 η’ν,
1665 3963 1817 4043 λαμπράν
1839 3964 1992 4047 λαμπροῖς
2014 3984 2089 4042 συγ-

526 4073 697 4150 τροτοῦσιν.
742 4066 832 4128 9ἀλλ’
854 4066 921 4131 οίον
942 4069 1045 4131 έκείνύ
1065 4090 1119 4147 μοι
1149 4068 1223 4147 παρ’
1250 4064 1367 4128 ἐλπίδα
1396 4069 1549 4148 προσέστη
1555 4095 1567 4145 ,·
1599 4067 1738 4148 τοιαύτης
1769 4070 1830 4147 γάρ
1861 4069 1919 4152 ήδη
1949 4074 1983 4158 τῇ
2016 4076 2094 4134 3⁶0-

524 4173 633 4256 μήτορι
654 4177 969 4257 παρασκευασθείσης
996 4177 1125 4256 πομπής
1146 4172 1180 4233 έκ
1201 4170 1377 4253 τηλικούτου
1399 4172 1603 4252 συστήματος,
1637 4174 1681 4244 τίς
1703 4171 1767 4233 έκετ
1788 4173 1985 4255 δοθήσεταιί
2005 4177 2093 4260 χοίρα

524 4287 588 4352 τοίς
609 4276 782 4354 ἐλαχίστοις
803 4275 878 4358 ήμίν
899 4281 979 4358 πρός
1000 4280 1054 4359 τήν
1075 4281 1127 4360 τῆς
1150 4281 1255 4355 κοινής
1276 4274 1441 4357 δεσποίνης
1463 4273 1570 4358 ήμῶνι
1591 4278 1683 4357 τιμήν
1690 4303 1701 4352 3
1722 4278 1766 4348 τίς
1788 4275 1846 4338 δὲ·
1867 4274 1975 4351 ίκανῦς
1998 4302 2095 4341 κατα-

525 4383 635 4463 λαβεῖν
663 4383 732 4443 τινά
765 4383 851 4444 θέαν
879 4385 915 4445 έν
943 4384 1021 4447 οὕτω
1051 4384 1208 4463 θεσπεσίη)
1237 4379 1362 4460 θεάτρῳ
1392 4386 1444 4439 καί
1474 4378 1637 4461 καλλίστης
1658 4376 1797 4459 δράοεως
1817 4385 1920 4461 βραχύ
1942 4406 1969 4444 τι
1991 4405 2096 4465 παρα-

597 4596 708 4649 ίίστιΙ)
725 4595 729 4667 Ι
744 4596 759 4626 *
777 4596 883 4652 Ιοίιοατι
897 4617 919 4661 1,
933 4602 962 4650 τί
978 4603 982 4663 l
998 4616 1023 4650 m
1037 4595 1205 4665 άψίκορονΙ)
1222 4598 1227 4661 Ι
1242 4615 1259 4648 π
1278 4595 1416 4648 κακόσιτοι
1434 4597 1457 4649 D
1473 4600 1476 4654 Ι
1494 4615 1509 4648 ο
1526 4598 1624 4660 μείζων
1643 4597 1666 4650 D
1682 4599 1719 4665 Ιμ
1737 4597 1825 4649 τοῦτον
1843 4597 1907 4669 (εἰσ)
1926 4599 1950 4652 Ι)
1965 4601 1970 4661 Ι
1985 4617 2000 4668 q
2020 4615 2097 4652 κατα-

525 4670 632 4734 λήψασα
651 4669 673 4722 D
689 4669 694 4734 Ι
710 4686 725 4719 r
743 4673 890 4738 μεταχωρεῖ
908 4669 964 4731 BD,
982 4669 1088 4734 έκδημιί
1104 4670 1124 4724 G
1140 4675 1145 4735 Ι
1160 4687 1173 4721 ε
1189 4671 1290 4721 ιιάτισιν
1310 4668 1334 4721 D
1351 4693 1354 4726 ι
1371 4674 1382 4720 ί
1399 4667 1516 4719 διατοῦτο
1536 4667 1610 4732 Οία
1627 4668 1689 4738 μεθ’
1708 4665 1739 4719 Du
1757 4670 1781 4722 D
1803 4673 1807 4732 Ι
1829 4668 2027 4737 οταεαβάλίον
2046 4671 2070 4724 Ι)
2091 4672 2094 4740 A

525 4757 550 4793 ιο
568 4742 632 4809 post
655 4741 726 4794 banc
749 4756 843 4794 vocem
863 4746 928 4808 8-9
947 4741 1059 4796 litterae
1078 4757 1173 4796 erasae
1195 4743 1261 4794 sunt
1286 4739 1356 4794 inc
1383 4745 1387 4803 Ι
1414 4758 1432 4791 τ
1450 4739 1595 4798 τοιάτόεί)
1619 4749 1623 4808 Ι
1643 4758 1663 4810 y
1681 4741 1867 4796 όοθιίσιταιΙ)
1891 4743 1896 4811 Ι
1916 4761 1929 4795 ε
1948 4740 2023 4813 ἡμῶν
2041 4742 2098 4806 BD,

527 4812 622 4866 omisit
641 4811 661 4865 0
684 4813 688 4880 Ι
709 4830 725 4863 α
744 4808 820 4881 ήμῶν
838 4812 884 4867 hic
902 4812 983 4868 addit
1000 4812 1020 4866 C
