4560 6172
504 459 565 523 142
1893 462 1974 528 181
1996 462 2080 531 1⁸2

497 633 603 709 άγοιτε
625 630 771 714 πλείστην
792 629 888 701 οὑτως
910 627 1066 710 ἑορτάζειν
1087 629 1156 710 ἅμα
1180 632 1233 691 καὶ
1254 632 1375 712 χαίρειν
1397 634 1451 692 καὶ
1475 633 1691 711 πνευματικῶς
1719 636 1772 694 καὶ
1800 636 2002 712 σωματικῶς,
2033 632 2087 695 εὐ-

494 739 587 817 μενὲς
608 734 789 817 ἐφορῶντος
811 737 943 799 άνωθεν
965 734 1016 816 ἔφ’
1038 731 1120 814 ὑμᾶς
1140 737 1193 798 τοῦ
1215 737 1298 800 θεοῦ
1328 733 1381 797 διά
1412 738 1466 818 τήν
1495 733 1647 815 ὑμετέραν
1678 735 1842 816 εὐμένειαν
1873 742 1924 798 καὶ
1949 737 2085 822 α’μαχητλ

496 842 712 924 προνοουμένου
733 841 804 916 τοὺς
824 840 1028 912 ὑπεναντίους
1049 837 1132 919 ὑμῖν,
1154 841 1186 900 εἴ
1203 860 1283 912 τινες
1304 839 1393 914 εἰσίν,
1415 838 1547 912 ἱκεσίαις
1562 838 1631 920 άμα
1654 847 1708 902 καὶ
1724 840 1911 923 ὑπουργίαις
1932 847 1987 905 τοῦ
2004 842 2088 924 λαμ-

497 949 578 1032 προί
601 950 654 1008 καὶ
675 947 815 1027 μεγάλου
837 944 1087 1028 τροπαιοφόρου,
1110 943 1289 1023 δυναμένου
1313 945 1418 1005 πάντα
1441 943 1561 1024 ῥᾳδίως
1583 945 1617 1006 εἰι
1632 949 1685 1028 τῆς
1701 949 1780 1027 πρὸς
1795 945 1892 1009 αὐτόν
1907 950 2086 1028 παρρησίας

496 1057 550 1114 καὶ
572 1050 767 1126 οίκειτόσεως,
790 1046 817 1137 ᾤ
838 1047 856 1135 ἦ
880 1050 963 1125 δόξα
986 1052 1042 1110 καῖ
1061 1042 1094 1109 τδ
1119 1047 1231 1128 κράτος
1253 1046 1297 1120 είς
1319 1047 1388 1120 τούς
1411 1047 1541 1121 αίάνας.
1585 1047 1681 1132 άμήν.

585 1157 588 1229 ί
615 1158 707 1225 182.
749 1152 899 1218 Ἰωάννου
928 1156 983 1216 τοῦ
1017 1151 1194 1231 ἁγιωτάτου
1229 1151 1458 1236 μητροπολίτου
1490 1152 1653 1232 Εὐχαίτων
1684 1153 1777 1231 λόγος
1811 1155 1855 1226 είς
1884 1156 1938 1237 τήν
2005 1157 2082 1220 192¹

495 1257 618 1345 ἡμέραν
640 1266 691 1342 τῆς
712 1263 837 1342 μνήμης
858 1262 912 1321 τοῦ
931 1258 1070 1339 μεγάλου
1099 1257 1342 1340 τροπαιοφόρου
1371 1261 1425 1318 καὶ
1446 1260 1501 1340 τήν
1523 1260 1581 1319 νῦν
1602 1261 1772 1342 γενομένην
1794 1259 1847 1321 ἐπὶ
1868 1270 1932 1332 τοῖς
1953 1261 2082 1343 βαρβά-

496 1387 566 1445 ροις
588 1367 852 1447 θαυματουργίαν
873 1361 930 1426 έυο.

587 1468 660 1543 1Ὡς
681 1467 807 1550 εὐτυχής
828 1470 882 1528 καλ
905 1467 1014 1528 πάντα
1036 1465 1193 1547 μακάριος
1216 1461 1233 1527 ό
1255 1467 1354 1545 μέγας
1375 1463 1629 1550 τροπαιοφόρος·
1664 1465 1785 1550 πλήρης
1806 1470 1881 1544 γούν
1904 1467 1966 1529 ἐστὶ
1989 1466 2084 1552 δόξης

496 1575 533 1637 έν
554 1573 699 1657 οὐρανῷ,
722 1572 843 1655 πλήρης
866 1570 902 1632 δὲ
925 1568 1105 1649 θαυμάτων
1126 1568 1162 1631 έν
1182 1573 1238 1658 γῇ,
1274 1573 1327 1629 καλ
1348 1574 1392 1654 τῷ
1413 1573 1543 1649 μεγέθει
1565 1573 1617 1652 τής
1637 1572 1765 1650 χάριτος
1794 1571 1944 1634 καλύπτει
1973 1576 2084 1634 πάσαν

496 1683 551 1762 τήν
572 1681 678 1741 κτίσιν.
703 1679 892 1756 θαυμαστὸν
915 1675 951 1737 δὲ
973 1673 1076 1748 οὐδέν,
1099 1673 1128 1735 εί
1149 1672 1294 1748 δοξάζειν
1315 1673 1382 1737 οίδε
1404 1677 1549 1737 τοσούτου
1563 1673 1581 1737 ὁ
1595 1678 1647 1756 τῆς
1661 1674 1755 1757 δόξης
1770 1675 1848 1749 θεδς
1862 1677 1934 1748 τούς
1950 1676 2084 1751 οίκείους

496 1782 609 1868 φίλους
629 1786 682 1843 καί
705 1780 853 1856 δούλους,
884 1779 954 1841 ἐπεὶ
982 1777 1123 1840 κάκεῖνοι
1153 1779 1234 1839 θεὰν
1264 1776 1481 1862 διαφερόντως
1510 1779 1680 1853 έδόξασαν.
1740 1780 1814 1840 2καί
1842 1783 1962 1860 μάρτυς
1993 1776 2083 1857 οὗτος

497 1887 560 1968 πρὸ
583 1885 713 1948 πάντων
736 1883 753 1946 ὑ
776 1883 942 1966 πρωτεύων
964 1883 1000 1944 έν
1021 1882 1101 1970 δόξη
1123 1880 1243 1963 μάρτυς
1264 1885 1316 1966 τῆς
1339 1882 1511 1967 άληθείας,
1543 1884 1579 1955 ὃς
1608 1887 1661 1943 καὶ
1682 1885 1773 1960 γένος
1794 1888 1848 1944 καὶ
1871 1885 2006 1949 πλούτον
2030 1890 2083 1948 καὶ

496 1990 598 2066 δόξαν
620 1994 673 2052 καὶ
697 1989 884 2051 δυναστείαν
906 1991 958 2048 καὶ
981 1987 1048 2048 πάν
1069 1989 1099 2048 εί
1119 2011 1146 2048 τι
1170 1986 1251 2048 ἄλλο
1273 1998 1337 2060 τοῖς
1359 1988 1491 2062 πολλοῖς
1514 1986 1787 2069 περισπούδαστον
1809 1988 1849 2050 δι’
1866 1989 1962 2053 αὐτόν
1977 1989 2084 2073 άπηρ-

496 2094 613 2177 νήσατο
637 2097 690 2157 καί
713 2093 825 2176 ζημίαν
847 2090 982 2175 ἡγήσατο
1003 2092 1056 2155 τοῦ
1078 2088 1199 2171 κόσμου
1220 2093 1258 2152 τά
1282 2090 1377 2174 κέρδη
1400 2095 1480 2171 πρὸς
1503 2091 1536 2153 τὸ
1556 2090 1706 2174 κερδῆσαι
1722 2093 1825 2170 μόνον
1847 2093 1979 2168 ἐκεῖνον,
2002 2094 2084 2156 ὅθεν

497 2199 629 2274 εὐζωνος
651 2199 781 2261 ἔσπευσε
803 2200 856 2256 καί
879 2198 999 2278 κούφας
1022 2196 1102 2275 πρδς
1122 2196 1178 2256 τδν
1205 2194 1373 2275 έροίμενον,
1398 2200 1449 2256 καὶ
1473 2194 1510 2259 οὐ
1531 2195 1685 2277 πρότερον
1707 2196 1812 2272 ἔσβεσε
1834 2199 1887 2279 τῆς
1907 2196 2086 2278 έπιθυμίας

497 2304 529 2366 τδ
554 2303 652 2386 δίψος
674 2305 733 2374 ἕως
754 2297 824 2382 εὑρε
846 2304 900 2361 καί
921 2300 1064 2384 ήρπασεν
1087 2299 1125 2360 ὃν
1148 2298 1244 2382 ἐζήτει
1267 2303 1359 2375 θεόν,
1383 2298 1474 2372 ίλεως
1495 2299 1645 2364 ἐντεῦθεν
1666 2295 1704 2363 εὐ
1725 2298 1836 2377 μάλα,
1868 2305 1922 2361 καὶ
1945 2301 2084 2385 φαιδρὸς

496 2406 594 2469 έκείσε
625 2404 849 2487 μεταχωρήσας
873 2403 876 2489 A
901 2407 954 2466 καὶ
982 2406 1058 2486 μήτε
1088 2405 1243 2482 βασάνων
1272 2402 1445 2486 άφορήτων
1473 2403 1646 2487 ἐπιφοραῖς
1675 2408 1753 2485 μήτε
1784 2403 1940 2482 χαλεπαῖς
2006 2407 2084 2470 1922

497 2510 656 2587 α’πειλαῖς,
677 2513 720 2593 μή
741 2512 965 2589 θωπευμάτων
980 2508 1124 2581 κλοπαῖς,
1146 2509 1188 2589 μή
1211 2505 1356 2590 δωρεαῖς,
1378 2509 1419 2588 μή
1443 2518 1556 2587 τιμαῖς,
1578 2508 1689 2590 μηδενὶ
1702 2513 1904 2591 μηχανήματι
1922 2549 1959 2557 -
1984 2513 2084 2573 καίτοι

497 2616 629 2679 πάντων
642 2616 853 2697 κεκινημένων
866 2651 903 2660 -
927 2610 1139 2691 μαλακισθεῖς
1159 2610 1231 2694 μηδ
1249 2608 1368 2686 ἐνδούς,
1391 2608 1461 2672 ἄλλ’
1478 2610 1622 2695 άκίνητος
1639 2615 1718 2694 πρός
1733 2616 1842 2674 πάντα
1865 2616 1918 2673 καὶ
1934 2614 2084 2694 ἄτρεπτος

498 2720 654 2801 α’ντισχιδν
680 2718 735 2781 διά
764 2716 888 2791 τέλους,
920 2719 973 2776 καὶ
994 2715 1049 2798 τήν
1078 2713 1178 2796 καλήν
1208 2714 1253 2786 είς
1282 2716 1419 2795 Χριστὸν
1448 2714 1622 2795 ὁμολογίαν
1650 2721 1704 2778 καὶ
1735 2720 1837 2779 πίστιν
1867 2716 1999 2801 α’σφαλή
2032 2723 2085 2779 καὶ

497 2827 633 2904 βεβαίαν
655 2826 849 2906 συντηρήσας
872 2819 946 2901 ἄχρι
968 2818 1126 2895 θανάτου,
1157 2820 1254 2903 ὅνπερ
1285 2820 1324 2903 δή
1352 2824 1405 2881 καί
1436 2821 1532 2883 αὐτόν
1560 2822 1737 2885 τελευταῖον
1766 2822 1871 2904 δῶρον
1898 2823 2085 2906 ἐκαρποφό-

499 2948 601 3015 ρησεν,
631 2927 778 3013 εὐψύχως
806 2923 954 3004 ὑποσχών
983 2926 1000 2989 δ
1030 2937 1175 3002 γενναῖος
1203 2926 1258 2988 τδν
1288 2923 1409 3007 αὐχένα
1437 2929 1480 3009 τῷ
1511 2930 1596 3008 ξίφει
1626 2932 1679 2989 καί
1709 2926 1812 2990 καλὸν
1842 2926 2000 3011 άριστείας
2030 2935 2083 2991 καὶ

498 3031 727 3118 α’νδραγαθίας
749 3028 926 3110 ὑπόδειγμα
948 3039 1012 3103 τοῖς
1032 3032 1096 3108 μετ’
1118 3028 1212 3094 αὐτόν
1233 3029 1400 3110 γενόμενος
1420 3033 1585 3111 μάρτυσιν.
1640 3030 1743 3094 θούτω
1772 3037 1831 3110 μὲν
1860 3031 1876 3096 δ
1904 3035 2024 3118 μάρτυς
2046 3039 2084 3097 τά

499 3136 580 3221 πρὸς
602 3136 694 3212 θεόν,
717 3138 770 3197 καί
792 3135 950 3208 τοιαύταις
971 3133 1072 3197 αὐτόν
1093 3133 1304 3218 ἔξωκειοίσατο
1327 3136 1526 3217 θεραπείαις,
1551 3133 1569 3199 ὑ
1591 3135 1627 3197 δὲ
1648 3145 1711 3209 τοῖς
1733 3133 1901 3220 άκηράτοις
1917 3142 2086 3222 στεφάνοις

498 3244 554 3306 τδν
575 3241 702 3325 νικητήν
721 3239 879 3322 λαμπροῖς
901 3248 1061 3322 στεφανοῖ,
1085 3242 1140 3299 καί
1155 3235 1411 3320 ὁμολογήσαντα*
1427 3239 1612 3322 ἔμπροσθεν
1626 3237 1817 3319 άνθροίπων
1832 3242 1930 3306 αὐτόν
1944 3242 2086 3307 έναίπιον

498 3347 618 3420 ἐκεῖνος
639 3348 694 3409 τού
715 3343 856 3424 μεγάλου
878 3345 995 3425 πατρὸς
1016 3347 1070 3404 καλ
1091 3347 1151 3404 τῶν
1171 3341 1323 3403 έκλεκτῶν
1345 3340 1489 3418 άγγέλων
1511 3341 1729 3428 α’νακηρύττει,
1760 3350 1814 3407 καὶ
1840 3352 1892 3431 τής
1920 3349 2085 3427 βασιλείας

499 3463 635 3515 ποιεῖται
657 3450 812 3512 κοινωνδν
832 3451 885 3532 τῆς
913 3447 1014 3524 ἰδίας,
1047 3451 1101 3508 καί
1130 3445 1224 3531 δόξης
1251 3446 1424 3530 έμπίπλησι
1453 3448 1508 3510 τόν
1537 3447 1656 3528 κόσμον
1685 3449 1790 3512 πάντα
1823 3451 2017 3535 πληρούσης,
2049 3450 2085 3537 ής

497 3559 594 3638 μέρος
614 3545 780 3633 ἐλάχιστον
795 3553 833 3639 (ἢ
854 3556 1000 3635 παροῦσα
1016 3551 1200 3636 φαιδρότης,
1224 3554 1286 3614 κάν
1298 3550 1481 3640 ὑπερβάλλῃ
1497 3554 1602 3616 πάντα
1615 3555 1730 3636 μικροῦ
1743 3551 1783 3616 τά
1801 3554 1941 3639 αίσθητά
2010 3559 2085 3623 193¹

497 3665 552 3723 καλ
572 3659 731 3743 ὁρώμενα.
996 3674 997 3677 ’

586 3767 651 3827 4Τί
682 3764 712 3826 δ’
741 3760 779 3828 οὐ
806 3762 915 3845 μέλλει
946 3762 1069 3845 τοιαύτη
1100 3765 1153 3823 καὶ
1183 3760 1335 3838 λέγεσθαι
1363 3765 1416 3823 καὶ
1447 3760 1652 3842 νομίζεσθαι,
1683 3763 1722 3846 ἢν
1748 3762 1784 3825 έν
1813 3762 1916 3851 κύκλῳ
1937 3770 2084 3830 τοσαῦται

500 3870 737 3953 περιλάμπουσι
758 3868 881 3950 χάριτες
887 3895 899 3947 ,-
921 3865 1015 3941 δείξει
1036 3869 1113 3942 γοῦν
1134 3863 1191 3950 (ὥς
1213 3864 1230 3928 ό
1254 3863 1361 3952 λόγος)
1383 3863 1474 3942 αὐτό,
1498 3870 1551 3928 καὶ
1574 3870 1625 3950 τῆς
1647 3866 1771 3943 ἔξωθεν
1787 3866 1895 3951 ήκιστα
1910 3873 2085 3954 μαρτυρίας

500 3974 614 4057 δεήσει.
659 3971 701 4034 5ὑ
723 3974 784 4054 μὲν
806 3970 844 4055 δή
868 3976 977 4044 καινὸς
999 3966 1134 4053 οὐρανὸς
1156 3968 1174 4033 ὑ
1198 3972 1386 4051 θαυμαστός
1402 3975 1481 4044 ναὸς
1503 3965 1600 4046 αὐτος,
1624 3970 1662 4034 δν
1685 3971 1702 4034 ὑ
1724 3975 1824 4053 μέγας
1838 3974 1936 4037 οίκεῖν
1951 3998 2085 4056 τροπαι-

498 4078 619 4160 οφόρος
640 4074 806 4160 εὐδόκησε,
834 4077 965 4156 μεγέθει
993 4079 1047 4136 καί
1075 4073 1182 4136 κάλλει
1213 4079 1267 4135 καλ
1295 4072 1481 4154 πολυτελείᾳ
1511 4079 1703 4159 κατασκευῆς
1729 4077 1810 4139 πολὺ
1841 4101 1868 4140 τι
1897 4080 1953 4152 τάς
1982 4079 2085 4155 άλλας

498 4182 702 4266 ὑπερβαίνων
723 4179 911 4259 οἰκοδομάς,
944 4184 997 4241 καὶ
1027 4178 1082 4244 διά
1113 4181 1147 4242 τδ
1177 4182 1288 4258 περιόν
1317 4180 1369 4261 τής
1398 4178 1614 4261 λαμπρότητος
1644 4176 1793 4254 άπαξιῶν
1822 4186 1880 4261 μὲν
1904 4183 2009 4262 ὥσπερ
2031 4190 2087 4268 τήν

497 4293 566 4373 γήν,
590 4288 759 4369 αίρόμενος
780 4284 817 4348 δὲ
839 4288 892 4345 καί
914 4281 1098 4367 άνατρέχων
1118 4281 1154 4348 εὑ
1174 4283 1265 4364 μάλα
1288 4287 1369 4366 πρός
1390 4281 1445 4346 τὸν
1466 4281 1608 4366 ὕπερθεν
1630 4281 1779 4364 οὐρανόν,
1810 4287 1889 4370 ὃλην
1909 4291 1969 4368 μὲν
1990 4288 2086 4353 ἔνδον

499 4393 622 4473 δέχεται
643 4391 699 4474 τήν
721 4390 848 4453 ἐκεῖθεν
869 4387 1003 4472 ήμέραν,
1025 4386 1103 4472 ὅλην
1124 4386 1160 4449 δὲ
1182 4387 1340 4468 λαμβάνει
1361 4388 1417 4471 τήν
1438 4391 1598 4463 κάτωθεν,
1625 4387 1660 4464 έξ
1682 4389 1825 4469 άπείρων
1850 4389 2032 4472 λαμπάδων
2053 4417 2085 4456 τε

498 4502 552 4560 καὶ
575 4495 695 4576 λύχνων
717 4493 951 4577 α’ναπτομένην,
981 4496 1035 4555 καί
1057 4491 1186 4565 διπλαῖς
1207 4491 1408 4577 ἑκατέρωθεν
1429 4490 1540 4571 αὐγαῖς
1555 4493 1798 4576 πυρσευόμενος,
1821 4499 1875 4557 καὶ
1897 4495 1989 4570 αὐτὸς
2010 4496 2085 4574 ὅλος

499 4603 559 4686 η’δη
582 4604 654 4684 φάς
675 4598 858 4682 αὐτόχρημα
888 4597 1062 4675 δείκνυται,
1097 4597 1180 4679 πλήν
1210 4595 1287 4660 ὅσον
1316 4594 1374 4661 οὐκ
1403 4597 1444 4678 έᾷ
1471 4599 1526 4661 τὸν
1557 4593 1639 4679 άέρα
1670 4601 1825 4682 καθαροῖς
1855 4598 2001 4684 ὁρᾶσθαι
2029 4608 2083 4668 καί

499 4706 640 4783 διαυγιίς
660 4708 694 4768 τδ
717 4706 804 4784 παχὺ
824 4705 912 4768 τοῦτο
942 4705 1041 4785 νέφος
1068 4706 1130 4766 τῶν
1155 4701 1191 4778 έξ
1212 4700 1392 4785 άρωμάτων
1413 4701 1458 4776 είς
1480 4701 1566 4783 ὑψος
1587 4701 1833 4784 άναδιδομένων
1854 4703 1974 4788 άτμοίν,
2005 4705 2083 4771 ὑδέ

570 4828 1147 4897 3Matth10‚3215⁶=0ap181‚s9
