4560 6172
516 487 577 550 150
2005 492 2089 559 183

512 657 625 741 ῥήματι
648 663 699 738 τῆς
722 658 888 737 δυνάμεως
909 661 962 720 τόν
984 657 1096 733 α’γώνα
1118 663 1225 724 τοῦτον
1247 657 1422 741 ὑπέρχεται,
1446 663 1499 721 καὶ
1521 659 1633 733 όθεὸς
1655 665 1716 724 τών
1731 659 1921 740 οἷνθρώπων
1944 662 1998 723 διὰ
2021 665 2090 733 τούς

511 762 707 844 ἀνθρώπους
729 761 944 843 ένανθρωπεί,
967 769 1021 824 καὶ
1043 762 1060 825 ό
1083 763 1250 837 ταπεινούς
1272 761 1371 845 όψών
1391 769 1592 828 ταπεινοῦται
1615 770 1668 827 καὶ
1683 766 1738 847 τήν
1754 766 1833 846 πρός
1848 767 1901 828 τὸν
1915 764 2092 828 α’ντίπαλον

512 865 619 948 πάλην
640 865 674 927 έκ
697 871 749 929 τού
772 869 840 929 ἴσου
862 877 926 939 τοϊς
948 871 1116 929 πίπτουσιν
1138 865 1212 946 ήμτν
1234 863 1429 946 ὐποδέχεται.
1457 872 1485 929 τί
1506 868 1585 951 γάρ,
1615 870 1644 929 ελ
1675 873 1727 930 καὶ
1758 869 1885 948 νεύματι
1915 874 2005 954 μόνῳ
2036 871 2090 931 τόν

510 971 631 1049 έχθρδν
653 969 687 1043 έξ
708 969 812 1052 ὕψους
834 970 1011 1048 άνάλωσεν,
1042 971 1077 1032 έν
1104 970 1246 1049 α’σραλετ
1276 972 1437 1044 καθεστώς
1467 971 1520 1033 έπὶ
1549 974 1602 1052 τής
1631 973 1748 1045 οἰκείας
1778 973 1947 1057 περιΙωττής
2012 974 2090 1038 205⁹

511 1080 562 1136 καί
592 1073 713 1157 μηδένα
747 1075 847 1137 πόνον
878 1078 897 1154 ή
925 1075 1073 1136 κίνδυνον
1102 1080 1173 1154 περὶ
1201 1077 1255 1156 τήν
1286 1074 1471 1156 συμπλοκήν
1498 1074 1654 1153 τ’·ποστάςς
1692 1080 1719 1138 τί
1751 1076 1786 1137 δὲ
1817 1081 1898 1157 μέγα
1930 1076 2090 1158 δραπέτην

511 1181 651 1261 πονηρὸν
673 1184 726 1238 καῖ
748 1177 921 1259 ἀγνώμονα
944 1177 1007 1242 ύπδ
1030 1181 1110 1242 θεοῦ
1132 1182 1346 1262 χειρωθῆναι,
1379 1183 1432 1239 καὶ
1454 1177 1664 1262 α’ναχθήναιν
1688 1186 1836 1243 κάκιστον
1858 1181 1977 1243 δοῦλον
1999 1186 2088 1261 παρά

511 1283 662 1345 δεσπότου
686 1283 820 1346 δυνατοῦ
842 1282 989 1361 δέσμιονς
1018 1287 1104 1347 τοῦτο
1133 1286 1192 1362 μὲν
1222 1279 1278 1346 οὐν
1310 1281 1427 1364 ῥηίδιον
1455 1281 1581 1363 μᾶλλον
1611 1286 1630 1366 η’
1660 1284 1847 1365 παράδοξον
1878 1284 1930 1366 η’ν,
1963 1289 2015 1345 καί
2037 1289 2089 1366 τής

512 1390 604 1458 θείας
626 1387 725 1448 πλέον
747 1385 853 1465 ἰσχύος
876 1389 896 1468 ή
920 1385 1171 1469 φιλανθρωπίας
1193 1385 1399 1465 κατόρθωμα.
1448 1384 1498 1448 18ό
1529 1386 1565 1448 δὲ
1592 1393 1644 1469 τής
1675 1387 1761 1459 λδίας
1791 1389 1895 1469 ὥσπερ
1919 1387 2012 1461 α’ξίας
2034 1389 2089 1469 τήν

510 1489 588 1570 ἐμήν
617 1493 752 1569 προθεὶς
780 1490 927 1566 εὐδοξίαν
957 1488 997 1574 Ιώ
1025 1493 1136 1569 βάθος
1160 1488 1392 1567 εὐσπλαγχνίας
1422 1492 1520 1565 θεοῦ,
1555 1486 1582 1551 ω’
1612 1489 1809 1574 χρηστότητος
1831 1493 1999 1574 πέλαγος),
2033 1492 2088 1572 ἐμὲ

511 1598 689 1674 μορφοῦται
705 1598 758 1655 τόν
777 1598 896 1673 χοϊκόν,
920 1600 974 1656 ἵνα
998 1593 1032 1656 τό
1056 1595 1135 1672 ἐμόν
1149 1590 1287 1666 α’σθενὲς
1307 1594 1359 1672 τής
1380 1591 1492 1657 ἑαυτοῦ
1511 1593 1679 1677 πληρώσας
1707 1594 1881 1675 δυνάμεως,
1905 1596 1945 1657 δι’
1967 1593 2087 1659 αὐτοῦ“’

509 1697 684 1773 καταβάλοι
704 1697 758 1759 τόν
780 1698 930 1779 λσχυρδνι
954 1704 1006 1759 καὶ
1028 1702 1063 1783 τη·
1085 1699 1139 1778 τήν
1161 1691 1253 1777 ήτταν
1275 1695 1320 1768 είς
1342 1695 1458 1777 φύσιν]
1479 1695 1514 1770 έξ
1528 1696 1626 1769 ἔθους
1648 1698 1803 1787 δεξαμένη
1819 1705 1908 1779 σαρκὶ
1926 1696 2090 1781 παραδούς

511 1799 700 1863 δνέλπιστον
730 1804 823 1884 νίκην
847 1805 993 1884 ποιήσοιΖ
1022 1804 1055 1863 τό
1085 1800 1237 1879 τρόπαιον
1266 1803 1375 1882 ταύτης
1402 1799 1529 1877 μᾶλλον
1557 1803 1575 1882 ή
1603 1799 1731 1876 ἑαυτοῦ,
1765 1807 1819 1863 καὶ
1841 1803 1938 1874 ούτως
1959 1801 2088 1884 α’τγελών

511 1911 544 1966 τό
565 1902 772 1984 μεσότοιχον“
794 1909 846 1965 καὶ
869 1904 1067 1987 καταργήσας
1088 1903 1123 1964 ἐν
1145 1904 1245 1990 ἐκείνη
1268 1901 1322 1984 τήν
1344 1902 1478 1983 ἔχθραν,
1508 1905 1650 1983 συνάψαι
1679 1907 1715 1966 τό
1749 1904 1897 1968 διεστώτα
1928 1910 1981 1965 καλ
2010 1906 2088 1985 πρός

511 2013 588 2087 μίαν
619 2009 774 2089 ὁμόνοιαν
803 2005 939 2092 ἁρμόσαι
966 2011 1000 2070 τό
1032 2012 1110 2069 πᾶν.
1140 2002 1229 2078 ούτος
1260 2003 1278 2068 ὃ
1309 2005 1402 2081 λόγος
1430 2009 1483 2087 τής
1511 2010 1565 2070 τοῦ
1590 2004 1686 2081 λόγου
1709 2008 1896 2092 παχύτητος,
1927 2014 2015 2072 τοῦτο
2037 2014 2089 2091 τής

511 2113 650 2194 μεγάλης
672 2112 831 2183 κενώσεως
862 2117 915 2175 τοῦ
948 2113 1026 2175 θεοῦ
1056 2112 1090 2172 τό
1119 2108 1298 2192 μυστήριον.
1344 2108 1446 2171 19έπελ
1477 2109 1512 2172 δὲ
1541 2111 1577 2198 τή
1608 2113 1685 2189 θείᾳ
1714 2114 1868 2192 σαρκώσει
1899 2116 1993 2185 θείας
2025 2113 2089 2175 ἔδει

511 2215 698 2298 γεννήσεως,
734 2221 786 2275 καλ
807 2216 934 2304 τοιαύτη
956 2216 1097 2295 γεννήσει
1120 2217 1173 2274 καὶ
1194 2215 1333 2296 τοιαύτης
1354 2216 1487 2294 μητρός,
1516 2212 1658 2277 ἐνταῦθα
1683 2215 1686 2299 Ι
1710 2212 1743 2277 τό
1766 2214 1869 2296 με’γαί)
1891 2224 1944 2278 τοῦ
2011 2217 2088 2281 2061

514 2321 592 2380 καθ’
616 2317 698 2400 ήμᾶς
721 2317 810 2382 τοῦδε
831 2322 941 2391 γένους
964 2318 1069 2401 δώρου
1091 2323 1144 2378 καὶ
1167 2318 1415 2399 καρποφόρημα,
1439 2313 1455 2398 ή
1480 2316 1568 2398 κοινή
1591 2317 1754 2399 φιλοτιμία
1776 2323 1828 2402 τής
1844 2319 1975 2402 (μύσεως,
1997 2322 2031 2381 τὸ
2055 2320 2089 2381 έν

512 2422 701 2504 α’νθρώποις
725 2423 894 2503 ἐξαίρετον,
928 2426 989 2484 τών
1011 2422 1045 2483 έν
1066 2420 1175 2504 κόσμῳ
1197 2423 1230 2482 τό
1254 2420 1431 2494 κάλλιστον,
1462 2422 1478 2501 ἢ
1503 2427 1669 2501 τηνικαῦτα
1691 2425 1750 2499 μὲν
1772 2422 1850 2505 κόρη
1872 2428 2005 2504 καθαρά
2036 2430 2089 2485 καὶ

513 2527 697 2608 α’νέπαφος,
724 2529 802 2607 μετὰ
824 2532 940 2589 ταῦταο
962 2525 998 2587 δὲ
1025 2531 1078 2587 καὶ
1105 2526 1180 2606 γυνή
1205 2526 1419 2606 καθαρώτερα
1441 2522 1561 2608 πολλῷ,
1584 2527 1638 2584 καὶ
1658 2527 1713 2605 τήν
1735 2523 1866 2601 ἁγνείαν
1886 2527 1992 2612 τόκῳ(ἰ
2014 2528 2088 2608 μεθ’

512 2629 685 2710 ὐπερβολής
706 2627 884 2705 όιγιάσασα·
919 2627 956 2694 οὐ
984 2632 1063 2690 κατά
1091 2630 1227 2711 μητέρας
1254 2631 1315 2710 γὰρ
1345 2627 1445 2710 μήτηρ
1476 2624 1570 2708 ήτοῦ
1592 2631 1710 2709 πατρὸς
1731 2632 1861 2692 πάντων
1882 2633 1989 2715 μήτηρ,
2013 2630 2088 2694 οὐδὲ

513 2735 592 2798 κατὰ
615 2736 801 2815 παρθένους
824 2736 990 2813 παρθένος
1007 2729 1025 2816 ή
1041 2733 1095 2795 τόν
1114 2733 1272 2811 ἁγιασμόν
1286 2741 1438 2807 τετοκυῖα,
1460 2728 1531 2792 ἀλλ’
1554 2728 1665 2810 δμιγδς
1684 2735 1744 2810 μὲν
1768 2731 1940 2813 οὐδέτερον,
1964 2733 2090 2813 α’κριβὲς

514 2839 549 2903 δέ
571 2837 728 2917 ἑκάτερον,
757 2838 940 2919 μᾶλλονδὲ
963 2836 1204 2920 καλδμφότερα
1233 2835 1314 2901 πολύ
1346 2838 1424 2898 καθ’
1445 2835 1618 2917 ὑπεροχήν·
1647 2838 1813 2916 παρθένος
1840 2840 1908 2917 μὲν,
1938 2836 2008 2899 ἄλλ’
2030 2834 2088 2899 οὐκ

512 2947 657 3025 ἄκαρπος
679 2943 751 3009 οὐδὲ
773 2954 861 3016 ταΐςθ
881 2944 1014 3026 μητράσι
1036 2942 1205 3026 δοθείσης(
1225 2941 1371 3019 εὐλογίας
1391 2940 1531 3023 έπιδεής.
1576 2941 1644 3003 ίθτό
1668 2937 1696 3003 δ’
1721 2942 1788 3003 ἔτιί
1819 2942 2011 3022 καινότερον,
2042 2940 2088 3004 ότι

512 3049 567 3115 οὐκ
589 3049 690 3111 ἄλλον
712 3045 796 3129 ήμτν,
828 3045 899 3109 ἀλλ’
922 3045 1020 3112 αὐτόν
1048 3051 1156 3112 τοῦτον
1183 3049 1272 3108 τίκτει
1302 3046 1356 3108 τόν
1382 3055 1452 3129 ταῖς
1481 3049 1654 3117 τικτούσαις
1676 3045 1709 3107 τό
1732 3048 1841 3108 τίκτειν
1861 3045 1912 3108 ὐπ’
1934 3045 2090 3121 εὐλογίαις

512 3152 728 3235 δωρούμενον·
763 3154 885 3232 πρώτος
913 3155 973 3232 γάρ
1004 3148 1096 3224 αὐιδς
1124 3152 1199 3231 μετά
1233 3154 1285 3233 τής
1312 3154 1368 3214 τοῦ
1396 3152 1516 3231 χαίρειν
1544 3148 1743 3231 προσρήσεως
1772 3153 1826 3232 τήν
1849 3149 1944 3226 άγίαν
1965 3155 2088 3233 μήτραν

511 3257 614 3331 ελσδύς
637 3262 690 3317 καί
713 3256 808 3329 λύσας
830 3253 957 3335 ἑτοίμως
978 3258 1014 3342 τῇ
1037 3258 1115 3335 πρὸς
1138 3258 1191 3335 τήν
1212 3255 1329 3337 μητέρα
1353 3255 1440 3336 χαρᾷ
1460 3253 1517 3335 τήν
1537 3253 1582 3326 είς
1603 3255 1673 3325 τούς
1694 3254 1870 3332 προγόνους
1883 3251 1980 3334 α’ράν,
2000 3253 2090 3317 εὐλο-

511 3361 669 3444 γημένηνΙΙ
692 3360 737 3422 τεἰ
759 3359 941 3440 προσειπών
970 3361 1005 3447 τῇ
1035 3361 1087 3422 τοῦ
1116 3356 1252 3434 α’γγέλου
1281 3360 1374 3442 φωνή
1407 3361 1461 3418 καὶ
1490 3355 1763 3437 κεχαριτωμένηνίι
1794 3357 1930 3429 καλέσας
1959 3356 2014 3437 τήν
2037 3361 2090 3417 καὶ

513 3464 799 3545 προϋπάρχουσαν1
821 3466 915 3528 ταῦτα
937 3466 990 3524 καλ
1013 3461 1217 3548 παραΙχρήμα
1232 3460 1333 3523 πλέον
1345 3458 1559 3541 ὐπάρξουσαν,
1583 3457 1640 3522 ἄπ’
1654 3458 1747 3543 αὐτῆς
1762 3461 1874 3523 αὐτίκα
1897 3466 1949 3522 καὶ
2014 3461 2092 3526 206²

513 3567 556 3629 δι’
577 3564 672 3649 αὐτῆς
694 3566 857 3651 ὁλοκλήρῳ
881 3568 924 3651 τῷ
945 3568 1028 3642 γένει
1049 3566 1104 3646 τήν
1125 3563 1270 3639 εὐλογίαν
1292 3564 1432 3629 διέδωκε.
1463 3567 1561 3647 μήτηρ
1583 3568 1653 3643 μέν,
1683 3563 1755 3627 ἀλλ’
1779 3564 1934 3649 α’κήρατος
1957 3572 2011 3628 καὶ
2031 3591 2089 3643 γα-

512 3673 614 3751 μικών
636 3669 745 3751 νόμων
774 3673 916 3750 κρείττων
944 3673 996 3731 καὶ
1027 3671 1089 3730 τών
1119 3666 1303 3745 α’ναγκαίων
1331 3678 1400 3742 ταῖς
1427 3667 1542 3740 ἄλλαις
1570 3668 1615 3741 ελς
1644 3672 1823 3751 κυοφορίαν
1852 3673 2006 3735 ἐπέκεινα.
2038 3676 2091 3732 καί

513 3779 698 3856 θαυμαστοί
717 3777 772 3857 τήν
792 3779 943 3838 πιοῦσαν
965 3772 982 3835 ό
1004 3776 1167 3856 γεννηθεὶς
1188 3776 1224 3860 τῇ
1246 3776 1340 3861 καινή
1361 3775 1443 3852 μίξει
1465 3775 1557 3858 ταύτῃ
1587 3776 1649 3835 τών
1670 3773 1832 3850 έναντίων,
1864 3781 1917 3836 καὶ
1940 3785 2092 3856 μαρτυρεῖ

513 3885 554 3963 τῷ
577 3882 718 3958 τεχθέντι
740 3883 773 3941 τὸ
801 3884 871 3960 περὶ
899 3881 955 3952 τοὶς
977 3879 1086 3961 φύσεις
1114 3875 1251 3939 διπλοῦν
1279 3877 1320 3940 δι’
1352 3877 1463 3961 ἓαυτής
1484 3873 1531 3960 ή111
1558 3875 1747 3959 γεννήσασα.
1794 3879 1867 3942 ²¹6³
1889 3882 2029 3960 μὲνγὰρ
2054 3877 2093 3961 ήν

514 3981 571 4045 ἀπ’
592 3981 707 4065 α’ρχής,
737 3982 803 4045 εἶτα
825 3986 948 4058 γέγονε·
982 3984 1036 4042 καλ
1064 3979 1255 4063 προσλαβών
1283 3981 1300 4042 ὃ
1331 3978 1387 4044 οὐκ
1417 3977 1466 4063 ήν,
1495 3985 1548 4041 καὶ
1579 3981 1657 4062 ὅπερ
1681 3979 1720 4065 ήν
1741 3993 1898 4066 συντηρεί,
1933 3987 1986 4044 καὶ
2006 3988 2094 4064 μένει

515 4085 615 4150 πάλιν
637 4086 695 4166 οὐχ
717 4083 806 4170 ήττον
827 4089 872 4148 ών
895 4089 973 4159 θεός
994 4084 1187 4166 προαιώνιος
1202 4089 1255 4146 καὶ
1277 4083 1293 4146 δ
1310 4096 1323 4126 ⁰
1341 4085 1511 4156 νεόκτιστος
1530 4086 1718 4165 ἄνθρωπος,
1741 4087 1814 4158 δλος
1827 4091 1914 4152 τοῦτο
1930 4087 2091 4164 κάκετνοίξ,

516 4192 607 4275 φύσει
630 4192 696 4252 κατ’
719 4191 830 4274 ἄμφω,
853 4191 931 4250 καθ’
955 4188 1101 4270 ἑκάτερον
1123 4187 1247 4262 τέλειος,
1270 4189 1430 4271 ἡνωμένος
1451 4190 1510 4269 μὲν
1532 4188 1735 4270 α’συγχότως(1
1758 4191 1802 4262 εἰς
1817 4188 1990 4256 ὑπόστασιν
2003 4195 2092 4274 μίαν,

516 4296 701 4383 διῃρημένος
723 4293 759 4356 δὲ
782 4304 845 4366 τοῖς
869 4291 1027 4376 θελήμασι
1061 4296 1114 4353 καὶ
1142 4301 1210 4364 ταΐς
1239 4294 1302 4354 τών
1330 4292 1455 4374 φύσεων
1488 4291 1649 4376 ἰδιότησιν.
1681 4294 1775 4376 έχρήν
1808 4296 1869 4375 γάρ
1898 4294 2000 4360 αὐτόν
2034 4300 2096 4359 τών

516 4403 709 4479 θαυμασίων
732 4399 808 4460 ὄντα
833 4396 922 4472 θεόν,
947 4397 1118 4478 θαυμαστά
1142 4401 1304 4475 πανταχοῦ
1328 4394 1365 4457 τό
1388 4395 1501 4459 ἑαυτοῦ
1523 4407 1626 4460 ποιεῖν
1649 4398 1829 4479 πράγματα,
1853 4405 1906 4460 καί
1927 4399 1968 4483 μή
1992 4399 2093 4480 μόνον

587 4633 601 4669 υ
621 4613 777 4685 ἀπαχθῆναι
795 4614 850 4678 cl),
869 4613 1023 4685 ἀναχθῆναι
1041 4616 1063 4669 Β
1079 4615 1084 4685 Ι
1100 4633 1124 4669 w
1144 4615 1224 4669 αὐτοῦ
1242 4618 1266 4670 D
1282 4621 1286 4675 Ι
1301 4635 1319 4670 υ
1339 4616 1431 4671 Μοίίλι
1452 4637 1489 4677 12,
1502 4636 1532 4686 29
1554 4619 1558 4684 Ι
1579 4620 1652 4687 μείς
1670 4618 1753 4686 φύσιν
1771 4633 1815 4671 om
1836 4618 2027 4687 ΙλΙτποιήσει
2045 4619 2069 4672 Ι)
2090 4620 2093 4689 Ι

515 4705 532 4739 α
551 4687 642 4757 Ιίρίτοε
661 4705 684 4751 τ,
705 4707 733 4751 ¹⁴
749 4691 753 4748 Ι
769 4687 784 4740 ό
803 4688 829 4739 τὸ
846 4688 919 4757 μέγα
937 4704 980 4741 om
1001 4688 1025 4740 D
1046 4689 1051 4754 Ι
1073 4687 1246 4758 ομειαταῦτα
1265 4688 1285 4743 0
1306 4691 1311 4754 Ι
1334 4689 1447 4741 ότόνωι
1466 4688 1527 4758 OD,
1553 4689 1586 4758 τῷ
1605 4691 1798 4759 apographum
1823 4693 1827 4748 Ι
1850 4693 1937 4747 τεαῖς
1957 4690 1987 4749 B.
2006 4692 2048 4752 τῆς
2067 4689 2096 4752 0,

513 4762 567 4817 τοῖς
584 4759 608 4814 D
625 4775 628 4816 ι
642 4761 668 4828 f
683 4759 798 4823 δοθοσηε
817 4759 839 4812 D
856 4763 892 4828 Ις
910 4756 937 4809 τδ
956 4758 986 4810 δι’
1003 4776 1025 4810 τι
1047 4760 1088 4816 D!
1105 4762 1122 4813 λ
1143 4761 1270 4825 [ταυτῃί
1286 4763 1291 4822 Ι
1306 4759 1357 4813 ι’τὲ
1376 4760 1421 4814 OD
1437 4765 1442 4824 Ι
1458 4761 1476 4810 k
1493 4763 1687 4831 κεχαριτωμένη
1707 4763 1729 4814 D
1746 4768 1749 4824 Ι
1767 4763 1776 4814 ί
1793 4759 1839 4813 καί
1852 4762 2097 4830 προϋπάρχουσαν]

514 4848 565 4899 προ
584 4829 630 4882 καί
649 4830 821 4900 ὑπάρχουσαν
840 4831 863 4884 D
879 4840 884 4900 Ι
900 4848 927 4882 m
945 4829 959 4894 ἦ
978 4847 1023 4884 om
1042 4831 1065 4885 D
1081 4833 1086 4899 Ι
1103 4851 1120 4884 α
1135 4830 1162 4885 ‘0
1180 4828 1281 4895 0be
1302 4831 1375 4899 ΒΙο
1394 4831 1409 4882 o‘
1428 4830 1523 4884 omisit
1542 4831 1617 4900 ΟΙμ
1636 4837 1741 4885 κακιῖνο
1762 4833 1834 4903 (ίΙρ
1853 4832 2043 4902 αόνγχήτωςθ
