4560 6172
356 517 397 580 82

357 687 489 765 ἐκεῖνον,
513 691 567 751 τόν
590 687 700 772 άληθή
724 688 804 765 λέγω
829 688 935 772 φίλον,
958 691 1012 752 τδν
1034 692 1154 764 πιστόν,
1177 691 1232 751 τδν
1254 686 1471 763 εὐνούστατον,
1494 687 1548 750 τδν
1570 684 1626 766 ούχ
1649 681 1738 769 ήττον
1759 696 1824 761 τοῖς
1846 688 1949 770 ἔργοις

358 794 378 874 ἢ
400 801 464 864 τοῖς
486 792 591 869 λόγοις
614 791 729 873 σοφόν,
753 790 791 857 ού
813 796 958 871 σταθμὸς
979 792 1083 865 οὐδεὶς
1105 790 1143 874 ήν
1166 795 1219 874 τῆς
1241 790 1398 873 καλλονῆς
1419 814 1450 853 τε
1473 794 1527 851 καί
1547 793 1599 872 τῆς
1621 787 1759 873 α’γάπης.
1805 790 1949 854 8ἐκεῖνον

356 892 412 960 ούν
434 893 532 975 αὖθις
554 893 680 959 άπαιτῶ
704 901 758 958 καὶ
780 896 877 972 αίτῶ,
907 896 1029 959 ἐκείνου
1053 901 1106 957 καὶ
1128 895 1247 975 τύχοιμι
1271 895 1333 976 πρδ
1356 892 1487 956 πάντων
1510 893 1738 977 διαφερόντως,
1757 894 1887 981 μάλλον
1910 894 1947 957 δὲ

355 1002 434 1061 κατά
460 1003 568 1062 πάντα
590 999 776 1078 τυγχάνοιμι
798 1001 912 1077 καιρὸν
933 998 1151 1080 εὐλογώτερον,
1174 997 1284 1080 ἐπειδή
1308 1001 1362 1059 καί
1384 996 1473 1070 άπας
1494 999 1605 1078 καιρὸς
1626 997 1847 1078 ἔμπερίστατος
1871 996 1947 1082 ήμίν

356 1107 409 1164 καί
431 1103 623 1183 έμμέριμνος
645 1101 687 1165 δι’
711 1101 793 1184 ύμάς
816 1102 927 1175 αὐτούς
947 1109 1001 1165 καί
1023 1102 1080 1167 ούκ
1104 1102 1238 1176 ἄλλους,
1269 1101 1339 1172 τούς
1361 1100 1396 1175 ἐξ
1418 1098 1456 1165 ού
1477 1102 1624 1164 τοιούτων
1646 1104 1774 1164 τοιαῦτα
1798 1101 1946 1164 σπουδά-

355 1226 472 1278 σαντας
494 1208 531 1268 τά
555 1208 635 1267 καθ’
659 1204 742 1288 ήμοῖς
765 1205 966 1270 διαθέσθαι·
989 1207 1091 1270 πάλιν
1113 1209 1175 1286 γάρ
1198 1211 1251 1266 καί
1274 1203 1430 1276 πολλάκις
1453 1201 1665 1284 άνακυκλήσω
1689 1206 1743 1266 τδν
1766 1202 1879 1281 λόγον,
1903 1203 1947 1276 ῶς

356 1309 542 1395 καταήδέσω
566 1309 665 1372 πλέον
687 1314 740 1371 καί
763 1313 870 1385 πείσω,
894 1316 947 1372 καὶ
968 1312 1048 1391 πρδς
1065 1310 1159 1390 μείζω
1175 1308 1336 1390 βοήθειαν
1357 1310 1427 1379 τούς
1441 1306 1572 1385 ένόχους
1590 1305 1801 1389 διαναστήσω.
1887 1307 1946 1371 94²

356 1413 443 1498 9εἴης
470 1436 525 1494 μοι
555 1413 655 1496 μηδὲν
676 1416 783 1494 έτερον
815 1416 835 1496 η“
863 1418 1000 1486 τοιοῦτος
1030 1412 1142 1484 ὁποίας
1170 1411 1343 1488 έγινῶσκον
1373 1410 1560 1493 τηρούμενος
1588 1410 1625 1471 τά
1655 1411 1709 1471 ἐπὶ
1738 1414 1788 1473 σοί
1809 1434 1840 1472 τε
1861 1410 1943 1487 λέγω

354 1520 608 1601 προηγουμένως,
631 1520 685 1578 καὶ
708 1516 769 1579 ὅσα
791 1520 844 1599 τής
865 1522 960 1590 θείας
981 1517 1157 1599 έπισκοπής
1179 1519 1233 1577 καί
1255 1516 1419 1594 προνοίας.

439 1622 531 1688 151.
555 1624 602 1697 νβ.
629 1618 846 1699 1Ἰἰπιτριβείεν
869 1620 961 1706 (ὅπερ
985 1619 1140 1703 άνέγνως)
1169 1623 1212 1702 μή
1240 1617 1344 1697 μόνον
1365 1613 1397 1680 ολ
1419 1616 1539 1690 πάλαι,
1571 1618 1639 1690 τούς
1661 1615 1823 1700 ἑλληνίους
1847 1619 1943 1691 θεοὺς

353 1726 405 1804 τής
426 1746 457 1785 τε
479 1727 618 1804 μυθικής
641 1720 819 1803 άμβροσίας
839 1729 893 1785 καί
914 1731 967 1788 τοῦ
991 1727 1141 1804 νέκταρος
1170 1723 1292 1785 ἐκείνου
1323 1720 1561 1802 θαυμάζοντες,
1593 1720 1678 1783 άλλά
1702 1723 1783 1802 πρός
1811 1722 1942 1795 ἐκείνοις

353 1829 407 1888 καὶ
429 1825 499 1889 ὅσοι
520 1827 588 1900 τοὺς
605 1826 779 1909 ἐκκλησιῶν
794 1828 1069 1910 προβεβλημένους
1084 1825 1167 1910 ήμάς
1182 1829 1244 1887 τῶν
1259 1825 1430 1904 ἐπωμίδων
1445 1825 1561 1888 τούτων
1583 1829 1636 1885 καί
1651 1827 1783 1907 θρόνων
1797 1823 1941 1904 α’μαθῶς

351 1928 596 2010 μακαρίζουσιν·
619 1930 679 2014 ήδη
699 1928 764 2010 γάρ
787 1928 863 2013 ήμτν
876 1934 1004 2007 γέγονεν
1025 1932 1061 2007 ἐξ
1078 1929 1173 2011 αύτής
1187 1932 1240 2011 τῆς
1253 1932 1365 2009 πείρας
1379 1932 1574 2010 σαφέστερον
1592 1932 1621 1990 τί
1633 1932 1695 2006 μὲν
1710 1928 1791 2004 δόξα
1806 1932 1940 2009 ματαία,

351 2033 432 2096 τίδ’
456 2031 600 2117 άλήθεια
623 2032 826 2114 πράγματος,
856 2038 909 2094 καὶ
939 2033 986 2096 ὅτι
1015 2036 1052 2096 τά
1083 2034 1210 2108 ἔξωθεν
1232 2032 1388 2112 μακάρων
1410 2034 1499 2114 νήσοι
1522 2030 1676 2097 δοκοῦντα
1699 2035 1771 2115 κενή
1793 2035 1939 2114 μακαρία

351 2147 415 2210 τοῖς
444 2137 531 2209 έντδς
561 2135 732 2216 εύρίσκεται
761 2141 949 2216 γινομένοις.
989 2137 1108 2199 λκαίτοι
1137 2139 1233 2200 ταῦτα
1263 2135 1454 2220 προῄδειμεν
1483 2134 1525 2208 ῶς
1553 2134 1609 2198 ούκ
1632 2136 1692 2197 οἶδ’
1713 2139 1743 2198 εἴ
1762 2159 1806 2209 τις
1828 2136 1938 2217 ἄλλος,

351 2245 405 2302 καί
427 2239 483 2302 διά
498 2242 585 2304 τούτο
597 2243 785 2318 βιασθέντες
807 2238 864 2320 ούχ
885 2237 974 2323 ήτιον
996 2244 1016 2323 η’
1038 2242 1221 2311 πεισθέντες
1243 2238 1435 2316 ὑπείξομεν·
1457 2243 1527 2301 νυνί
1548 2241 1655 2318 μέντοι
1671 2239 1799 2322 σφόδρα
1815 2239 1938 2304 τελείαν

351 2342 613 2426 προσειλήφαμεν
640 2349 773 2419 γνῶσιν,
809 2348 863 2405 καί
887 2344 1016 2420 γέγονεν
1046 2341 1121 2424 ήμΐν
1151 2340 1375 2421 άκριβέστατον
1404 2347 1435 2403 τό
1461 2345 1603 2424 πάθημα
1625 2346 1779 2425 μάθημα.
1825 2342 1937 2406 8τούτο

351 2447 392 2529 δή
416 2469 471 2528 μοι
493 2451 548 2509 καὶ
569 2445 663 2521 αύτδς
684 2444 720 2510 εό
741 2448 844 2521 είδῶς,
867 2449 975 2530 μηκέτι
997 2449 1078 2526 πρδς
1098 2447 1154 2528 τήν
1173 2444 1274 2528 άρχήν
1288 2449 1340 2528 τής
1353 2444 1517 2530 έΙπαρχίας
1531 2444 1726 2526 δυσχέραινε,
1750 2446 1793 2520 ῶς
1880 2448 1937 2514 95¹

351 2550 433 2614 πολύ
464 2551 647 2614 τούναντίον
674 2554 695 2633 ἢ
723 2555 881 2632 προσῆκεν
909 2548 1143 2632 ύπειλημμένην
1174 2554 1228 2610 καί
1255 2548 1359 2629 μάτην
1387 2545 1565 2628 εὐδαίμονα
1594 2559 1658 2623 τοῖς
1679 2550 1828 2626 άγνοούσι
1851 2572 1937 2614 νενο·

349 2657 520 2738 μιομένην·
550 2655 595 2727 είς
616 2653 730 2719 ταύτδν
757 2655 819 2735 γάρ
848 2662 912 2726 τοίς
942 2653 1050 2735 φίλοις
1078 2673 1112 2714 σε
1134 2656 1166 2714 τύ
1192 2650 1304 2723 πόθος
1325 2650 1465 2728 συνάγει,
1491 2654 1683 2728 καὶγίνεται
1707 2652 1789 2739 ῥᾷον
1811 2660 1847 2743 τή
1868 2677 1937 2718 κοι-

348 2761 450 2838 νωνίᾳ
472 2761 526 2820 καὶ
547 2755 714 2840 ὁμοιότητι,
737 2757 779 2830 ῶς
801 2760 908 2841 μηκέτι
931 2775 964 2819 σε
985 2760 1138 2819 τίθεσθαι
1161 2757 1215 2818 τδν
1236 2759 1307 2833 βίον
1329 2754 1475 2835 α’βίωτον,
1500 2753 1571 2817 ἄλλ’
1586 2753 1766 2833 άνενεγκείν
1785 2780 1813 2820 τι
1834 2760 1937 2839 βραχύ

348 2868 401 2924 καί
430 2865 592 2927 πιστεύσαι
627 2867 682 2923 καὶ
710 2862 752 2924 ὅτι
783 2860 917 2934 ζωτικῶς
945 2861 1043 2939 ἔχειν,
1078 2861 1158 2939 πρδς
1187 2861 1220 2921 τδ
1249 2859 1329 2921 καθ’
1351 2858 1433 2942 ήμάς
1455 2856 1708 2940 άποβλέιμαντα·
1740 2867 1794 2923 ίνα
1816 2860 1859 2946 μή
1882 2867 1936 2924 καί

348 2967 412 3028 τῶν
433 2967 585 3046 μυθικῶν
607 2963 824 3043 α’γενέστερας*
846 2965 927 3043 τάχα
949 2963 1085 3040 λαγωῶν
1107 2962 1212 3048 δόξης,
1236 2967 1270 3025 οί
1291 2964 1431 3045 παντελῆ
1453 2963 1661 3038 καταγνόντες
1675 2962 1797 3029 ἑαυτῶν
1811 2963 1936 3028 δειλίαν

348 3072 404 3130 καὶ
425 3065 621 3148 α’θλιότητα,
652 3065 826 3132 κάντεύθεν
848 3066 971 3150 άθράοι
989 3069 1070 3129 κατά
1092 3071 1145 3148 τῆς
1165 3056 1360 3151 γειτονούσης
1383 3067 1493 3148 λίμνης
1514 3063 1705 3148 ὁρμήσαντες
1735 3067 1779 3141 ῶς
1807 3066 1937 3142 ἑαυτούς

347 3169 593 3246 άποπνίξοντες,
622 3170 757 3250 ἐπέσχον
779 3171 876 3254 άφνω
899 3174 953 3231 καί
971 3169 1196 3249 μετεβάλοντο,
1227 3170 1356 3250 λπείπερ
1380 3171 1520 3256 ᾔσθοντο
1550 3171 1620 3243 τούς
1640 3170 1733 3254 ταύτη
1755 3171 1935 3255 βατράχους

347 3276 389 3358 τῷ
413 3278 485 3355 περὶ
507 3272 619 3347 αύτούς
641 3274 706 3338 δέει
734 3273 813 3336 κατά
836 3275 889 3338 τοῦ
909 3276 1017 3352 βυθού
1037 3274 1091 3356 τήν
1112 3277 1256 3357 ταχίστην
1277 3271 1407 3346 ἑωυτούς
1428 3272 1685 3354 ἀπορρίψαντας,
1709 3265 1752 3348 ῶς
1773 3273 1937 3348 κάκείνους

348 3379 404 3457 οὐχ
423 3377 532 3461 ήκιστα
556 3377 659 3457 δειλίᾳ
681 3378 844 3455 κατόχους.
880 3376 937 3440 4τδ
960 3375 989 3440 δ’
1012 3374 1068 3441 ούν
1089 3376 1324 3459 χρησιμώτατον
1346 3376 1431 3456 ὅμως
1454 3380 1507 3437 καί
1530 3377 1660 3439 πάντων
1681 3374 1936 3454 άναγκαιάτατον

346 3485 409 3544 τῶν
432 3481 552 3558 άλλων,
583 3481 717 3559 ύγίαινε.
753 3483 809 3542 καί
831 3496 881 3543 σοι
904 3479 1003 3542 πάλιν
1025 3481 1208 3560 ἐντύχοιμεν
1239 3479 1282 3542 δι’
1311 3478 1433 3542 ἑαυτῶν
1464 3477 1590 3559 άμέσως
1612 3477 1715 3562 ήμείς,
1750 3481 1793 3556 ῶς
1815 3487 1859 3545 άν
1878 3485 1935 3557 τάς

345 3583 441 3664 τύχας
463 3583 618 3668 άλλήλοις
639 3585 792 3665 ἐγγυτέρω
816 3582 1161 3666 προσανακλαύσωμεν.

432 3691 526 3755 152.
560 3709 609 3763 νγ.
644 3687 730 3753 1(λύει
753 3690 818 3770 άρα
841 3691 894 3749 τόν
918 3685 1129 3767 άνθρῶπινον
1151 3690 1223 3764 βίον
1245 3685 1431 3773 άπέλιπενή
1463 3687 1508 3759 τίς
1531 3687 1619 3761 τέλος
1641 3686 1658 3768 ή
1682 3687 1788 3773 άρετή,
1878 3691 1935 3757 95²

348 3788 436 3852 άλλά
460 3793 561 3854 καίτοι
583 3795 646 3853 τῶν
668 3791 740 3874 τήδε
762 3792 956 3874 μεταστάσης
978 3791 1082 3853 πάλαι
1105 3794 1158 3852 καὶ
1180 3787 1385 3873 α’πελθούσης
1408 3790 1451 3854 ἔτι
1472 3812 1536 3854 που
1560 3796 1614 3853 καί
1636 3796 1694 3857 νύν
1715 3793 1826 3878 ταύτης
1849 3797 1936 3874 ἴχνος

346 3895 426 3977 παρ’
448 3892 524 3975 ήμίν
546 3893 723 3977 σωζόμενον
744 3896 881 3979 ιύρηται.
913 3899 967 3958 καί
996 3919 1040 3968 τις
1070 3901 1128 3959 νύν
1158 3893 1352 3975 παραδόξως
1383 3895 1561 3975 ἅνθρωπος
1592 3893 1741 3978 άνεφάνη
1772 3896 1870 3960 ολονεί
1891 3922 1936 3972 τις

348 3999 426 4070 θεδς
448 3999 483 4060 ἐκ
504 4002 647 4081 μηχανῆς
670 4000 718 4085 (τδ
742 3999 936 4085 ᾀδόμενον),
960 4000 1056 4076 λόγον
1078 4001 1160 4078 ε’χων
1182 3997 1318 4082 άγάπης,
1341 4001 1395 4063 τού
1415 4002 1478 4061 τῶν
1501 3996 1621 4080 α’ρετῶν
1644 3999 1857 4081 κεφαλαίου*,
1882 4009 1936 4065 καί

347 4101 504 4184 φροντίδα
527 4104 695 4182 τιθέμενος
716 4107 771 4169 τού
795 4106 921 4181 πρῶτον
943 4108 1007 4167 τῶν
1029 4103 1181 4180 α’γαθῶν,
1204 4106 1263 4165 εἴτε
1286 4106 1339 4168 τού
1363 4103 1481 4185 χρυσοῖ
1501 4106 1610 4180 γένους
1633 4104 1792 4188 λείψανον
1812 4106 1936 4170 λκείνου

342 4212 398 4273 τοῦ
429 4210 591 4288 μυθικοῦ,
625 4205 844 4289 περιλειφθεὶς
870 4209 913 4292 τῷ
942 4210 1024 4284 γένει
1045 4211 1090 4292 τῷ
1112 4204 1314 4288 α’νθρωπίνῳ
1337 4211 1391 4269 καί
1413 4206 1587 4269 διαλαθῶν
1612 4207 1686 4288 άχρι
1708 4213 1772 4286 νύν,
1807 4212 1866 4273 εἴτε
1888 4213 1936 4296 (τὸ

347 4310 563 4395 άληθέστερον
584 4310 725 4394 μᾶλλον)
746 4311 907 4395 χαρακτήρ
929 4311 1064 4393 ἐναργής
1085 4313 1138 4395 τής
1160 4314 1214 4374 τοῦ
1235 4314 1372 4391 Χριστοῦ
1392 4317 1573 4396 μαθητείας
1587 4315 1622 4399 τῇ
1637 4315 1715 4376 καθ’
1731 4312 1815 4397 ήμάς
1840 4316 1934 4394 γενεᾷ

343 4416 433 4496 παρά
460 4418 512 4497 τής
532 4413 569 4476 τδ
589 4417 658 4478 πάν
680 4417 879 4499 κυβερνῶσης
900 4418 1055 4496 προνοίας
1084 4412 1310 4494 άναδειχθείς,
1342 4417 1387 4489 είς
1419 4419 1534 4496 θαῦμα
1565 4424 1620 4479 καὶ
1649 4415 1743 4500 ζήλον
1773 4416 1842 4498 ἅμα
1873 4424 1936 4483 τῶν

344 4521 529 4599 θεωμένων.
576 4515 624 4604 2ηί
645 4542 680 4596 γε
707 4522 856 4584 τοσοῦτον
877 4522 1012 4598 περίεστι
1034 4521 1088 4583 τού
1110 4519 1210 4585 καλοῦ
1231 4520 1339 4584 τούτου
1361 4522 1520 4603 χρήματος
1543 4522 1638 4608 (λέγω
1662 4521 1701 4602 δή
1715 4524 1766 4604 τής
1782 4520 1935 4608 άγάπης),

342 4621 418 4686 ὥστε
450 4626 504 4684 καί
534 4622 591 4696 οὓς
619 4644 675 4704 την
705 4621 807 4706 άρχήν
835 4620 961 4686 οὐδέπω
985 4624 1153 4701 τεθέαται,
1184 4624 1258 4686 εἴσω
1280 4630 1341 4685 τῶν
1369 4623 1490 4708 έκείνης
1512 4624 1640 4706 άρκύων
1661 4623 1790 4690 σπεύδει
1813 4624 1935 4706 λαβεῖν,

339 4727 395 4807 τήν
417 4725 621 4809 εύαγγελικήν
643 4730 696 4788 καλ
719 4727 919 4806 παγκόσμιον
941 4720 1082 4808 σαγήνην
1103 4728 1314 4807 μιμούμενος,
1349 4724 1386 4792 ού
1415 4730 1453 4790 τά
1476 4728 1569 4813 έγγύς
1600 4727 1799 4812 άγρεόουσαν
1821 4728 1933 4810 μόνον,

411 4867 424 4914 ³
443 4847 534 4918 μῦθος
552 4847 595 4902 0¹¹¹
616 4847 792 4902 δίαάιιαιιαδ.
820 4846 898 4903 fabul
917 4863 1001 4917 εοεορ
1020 4846 1127 4902 Halmii
1146 4867 1191 4916 237
1207 4850 1212 4916 Ι
1229 4868 1242 4916 3
1263 4847 1450 4920 ἀγεννέστερος
1469 4854 1663 4922 apographum
1679 4857 1685 4917 Ι
1702 4871 1714 4905 1
1734 4851 1829 4907 Matth
1850 4872 1889 4913 ιτ,
1900 4871 1931 4916 40
