4560 6172
347 546 410 612 174
1850 539 1936 608 188

342 713 462 789 πάγαις
485 709 641 786 ἀλύντες*,
674 714 771 794 ῇκαὶ
791 713 825 773 τύ
848 709 949 773 καλὸν
971 711 1218 791 παραιτούμενοι
1241 713 1261 791 ἤ
1289 713 1343 772 καὶ
1370 711 1402 773 τδ
1425 708 1526 771 κακὸν
1547 707 1823 790 προσαιρούμενοι.
1845 706 1874 768 τί
1897 703 1935 768 δέ

343 826 479 897 κρεῖττον
500 816 520 899 η’
541 817 621 876 κατὰ
645 816 680 876 σὲ
702 814 739 876 τά
763 815 892 877 τοιαῦτα
915 812 1125 896 φιλοσοφεῖν,
1159 818 1196 878 σύ
1224 813 1261 876 δέ
1293 814 1414 876 πείθου
1436 815 1491 874 καί
1512 813 1635 874 πίστευε
1656 819 1720 882 τοῖς
1743 812 1801 874 σού
1819 825 1934 889 σοφεν-

340 919 451 998 τέροις,
476 919 530 978 καὶ
550 919 640 993 γίνου
661 919 809 999 μαθητῇς
830 915 1066 999 ἀσφαλέστερος
1087 919 1107 998 η’
1126 920 1306 1000 καθηγητῇς
1321 919 1575 998 προπετέστερος,
1597 913 1673 996 μῇτε
1686 923 1751 986 τοῖς
1766 910 1933 994 ἀχρήστοις

343 1023 448 1093 κακῶς
471 1018 729 1099 συναποβάλλων
759 1021 798 1083 τά
826 1021 967 1103 χρήσιμα
996 1023 1073 1102 μῇτε
1101 1021 1166 1103 μῇν
1192 1042 1275 1093 τινος
1307 1020 1397 1102 τύχης
1424 1017 1593 1100 αύτομάτῳ
1626 1019 1716 1098 φορᾷ·
1745 1017 1799 1097 τὴν
1826 1015 1935 1077 αλτίυν

342 1124 538 1205 προσάπτων
559 1127 622 1184 τῶν
644 1124 831 1200 γινομένων.
913 1123 1018 1185 ἀίείθτ
1038 1126 1099 1202 μέν
1120 1128 1168 1205 τίη
1191 1126 1288 1186 ταῦτα
1312 1122 1419 1184 πάντα
1442 1124 1517 1182 κενά
1540 1124 1594 1182 καὶ
1616 1124 1697 1201 πρὸς
1718 1117 1812 1183 ούδέν
1834 1117 1935 1181 πλέον
2017 1174 2031 1203 ,

343 1225 503 1309 φέρονταί
532 1228 604 1288 εἴθε
627 1226 753 1306 φύσεως
781 1226 858 1305 ἔργα
888 1230 943 1287 καὶ
973 1229 1035 1288 τόν
1058 1231 1130 1306 περὶ
1151 1230 1205 1288 τύν
1228 1225 1311 1306 ἀέρα
1334 1229 1458 1287 παθῶν
1480 1226 1534 1285 καὶ
1556 1221 1795 1301 συμπτωμάτων
1815 1219 1934 1284 ἀποστ·

342 1330 484 1409 λέσματα
507 1330 585 1389 καθ’
607 1326 690 1407 ἀπερ
713 1327 807 1390 ἀλλοι
832 1344 835 1412 j
859 1327 972 1408 βολβοί
991 1349 1071 1402 τινες
1091 1331 1112 1410 ῇ
1134 1333 1187 1390 καὶ
1210 1330 1343 1410 μύκητες
1351 1374 1362 1403 ,
1393 1327 1474 1390 ούτω
1496 1347 1565 1398 πως
1587 1323 1710 1405 ἀθρόοι
1732 1330 1786 1387 καὶ
1852 1323 1933 1390 245¹

344 1431 462 1511 σχέδιοι
486 1429 649 1509 πολλαχοῦ
672 1432 900 1510 συνιστάμενοι,
923 1431 979 1504 ούς
1000 1433 1135 1512 βροντὴν
1157 1437 1210 1492 καὶ
1231 1431 1351 1512 βροχην
1373 1429 1455 1506 ἔχειν
1478 1430 1604 1503 λέγουσι
1618 1430 1741 1502 γένεσιν
1761 1425 1936 1512 (ἀγαπῴην

340 1534 410 1613 γάρ
433 1536 475 1594 ἀν
504 1531 584 1612 ὑπὲρ
614 1533 685 1604 τούς
714 1531 834 1605 ἀλλους
863 1532 974 1607 αύτός,
1007 1533 1062 1594 άτε
1091 1532 1193 1595 πλέον
1223 1532 1374 1613 όφείλων,
1403 1535 1458 1592 καὶ
1487 1529 1541 1591 διὰ
1565 1534 1653 1593 τούτο
1682 1534 1736 1591 καλ
1757 1529 1858 1592 πλέον
1876 1530 1933 1592 τδν

345 1637 489 1719 λογιστῇν
511 1633 669 1711 ἐγγίζοντα
693 1633 877 1720 δεδοικάς)ί
898 1639 970 1698 είθε
992 1635 1028 1697 δὲ
1051 1634 1163 1718 πολλῷ
1176 1635 1303 1715 μᾶλλον
1324 1638 1377 1695 καὶ
1396 1635 1537 1714 χρηστῶν
1558 1636 1653 1693 τινύν
1674 1636 1721 1717 εἴη
1736 1636 1935 1714 πραγμάτων

344 1740 518 1823 σημαντικά
551 1740 631 1800 κατά
660 1741 715 1820 την
740 1737 835 1800 ένίων
865 1737 966 1812 δόξαν
995 1743 1049 1799 καὶ
1078 1741 1188 1818 κρίσιν,
1219 1737 1262 1809 ἀς
1283 1738 1380 1813 ἔγωγε
1399 1738 1573 1820 βουλοίμην
1595 1741 1637 1800 ἀν
1657 1736 1741 1799 είναι
1760 1738 1878 1810 ταύτα,
1915 1736 1933 1816 ῇ

345 1842 447 1904 έκεῖνο
470 1843 504 1904 τδ
527 1839 607 1921 αίμα
628 1835 662 1902 τὸ
686 1839 912 1922 φυλακτῇριον,
936 1836 1101 1924 ᾤπάλαι*
1124 1841 1288 1922 σφραγίζει
1310 1843 1365 1912 τὰς
1380 1840 1484 1912 οίκίας
1506 1837 1525 1902 ό
1546 1838 1683 1921 Ὶσραῇλ,
1704 1846 1759 1901 ίνα
1779 1840 1835 1901 τύν
1856 1835 1935 1900 ἀλο-

341 1943 485 2027 -θρευτῇν
507 1943 716 2025 διαφύγωσιν,
749 1945 768 2025 ῇ
795 1944 828 2005 τύ
857 1947 935 2022 μετὰ
966 1947 1063 2006 ταύτα
1094 1942 1267 2022 διδόμενον
1297 1952 1425 2025 σημείου
1454 1941 1508 2002 έπλ
1536 1944 1575 2002 τά
1603 1942 1752 2019 μέτωπα*
1780 1943 1843 2003 τούν
1875 1937 1935 2002 ούκ

347 2045 563 2112 ἀπιστούντων
585 2046 628 2120 ἀς
650 2044 699 2121 σύ,
722 2045 807 2108 ἀλλά
832 2047 1041 2109 πιστευόντων
1062 2045 1107 2119 οἷς
1129 2045 1238 2126 εἰόρων
1261 2051 1314 2107 καί
1337 2047 1463 2129 ἤκουον,
1488 2049 1541 2104 καὶ
1565 2042 1857 2116 καταστεναζόντοεν
1878 2063 1934 2104 πι-

346 2153 430 2233 κριύς
451 2151 504 2212 ἐπὶ
524 2159 590 2223 τοῖς
610 2149 845 2230 ἀπολουμένοις
867 2147 978 2213 αύτίκα
1012 2149 1067 2212 διά
1100 2147 1156 2231 τῇν
1185 2139 1331 2232 τοιαύτην
1352 2147 1560 2230 σκληρότητα,
1595 2150 1683 2228 εἴπερ
1706 2145 1842 2223 ἀγαπᾶν
1863 2151 1934 2208 τινά

347 2252 422 2315 δέον
443 2252 478 2314 έν
501 2250 736 2329 ἀπολλυμένοις
758 2253 914 2325 τοσούτοις
935 2253 1000 2332 μετ’
1023 2250 1140 2329 δλίγων
1163 2252 1350 2337 σῳζόμενον,
1384 2253 1403 2334 η’
1427 2288 1462 2298 -
1501 2253 1535 2311 τύ
1565 2250 1742 2314 τελευταίου
1769 2254 1805 2339 τῇ
1834 2250 1934 2325 τάξει,

345 2360 380 2442 τῇ
404 2353 441 2416 δὲ
464 2350 600 2432 δυνάμει
623 2359 750 2436 πρῶτον
771 2359 825 2416 καὶ
846 2355 953 2435 μεῖζον
975 2394 1017 2404 -
1039 2357 1073 2417 τδ
1096 2356 1264 2435 σταυρικύν
1287 2354 1368 2431 λέγω
1391 2353 1561 2434 σύμβολον,
1591 2353 1618 2440 ᾧ
1640 2353 1839 2437 σημειούνταί
1860 2373 1936 2414 ποτε

347 2461 426 2519 κατά
457 2456 676 2541 Παλαιστίνην
705 2455 737 2519 οἳ
764 2457 934 2536 βλέποντες
962 2459 1018 2520 τδν
1046 2457 1126 2539 ύπέρ
1157 2457 1300 2539 κεφαλῆς
1328 2455 1436 2530 αύτοτς
1464 2459 1500 2520 έν
1533 2458 1605 2540 ἀέρι
1641 2454 1837 2535 τυπούμενον
1868 2453 1935 2519 ύπδ

349 2561 475 2646 λφωτύς
491 2559 630 2642 ἀρρῇτου
654 2561 800 2641 σταυρόν,
822 2563 862 2621 ίν’
885 2558 943 2646 (ἀς
954 2561 1069 2646 ἔοικεν)
1091 2562 1126 2637 έξ
1148 2560 1253 2644 ύψους
1276 2559 1374 2634 αύθις
1389 2560 1505 2648 δειχθῇ
1528 2561 1620 2647 (καθ’
1631 2562 1714 2642 άπερ
1732 2559 1790 2642 ἤδη
1855 2558 1937 2625 245²

347 2669 402 2726 καί
418 2662 584 2746 πρότερον)
607 2662 641 2725 τδ
655 2665 735 2725 κατά
751 2662 882 2726 πάντων
893 2665 1006 2746 κράτος
1021 2661 1129 2729 αύτού.
1218 2663 1370 2726 ἳῦτούτων
1392 2668 1561 2744 τοιγαρούν
1583 2669 1619 2729 ἓν
1635 2665 1655 2747 ῇ
1669 2689 1696 2727 τι
1711 2662 1827 2727 τούτων
1846 2663 1937 2739 έγγύς

347 2766 492 2848 ἐθέλοιμ’
513 2768 556 2828 ἀν
577 2765 660 2828 τίναι
683 2771 736 2827 καὶ
757 2767 796 2828 τά
826 2768 885 2830 νύν
912 2766 1136 2847 ἐνεργούμενα,
1167 2766 1254 2828 ἀλλά
1282 2790 1322 2842 με
1352 2772 1405 2827 καί
1428 2767 1535 2844 Δαβίδ
1563 2767 1580 2831 ύ
1611 2771 1782 2839 θεσπέσιος
1809 2765 1938 2829 έκείθεν

347 2879 450 2944 πτοτῐ,
482 2868 587 2949 πυρός
608 2892 678 2931 τινα
704 2871 757 2929 καὶ
780 2871 872 2931 θείου
894 2871 1012 2952 βροχῇν
1038 2880 1102 2943 τοῖς
1130 2868 1331 2951 ἁμαρτωλοῖς
1359 2869 1528 2945 ἀπειλόν*,
1563 2870 1737 2935 κάντεῦθεν
1765 2866 1807 2932 αύ
1833 2867 1938 2931 πάλιν

346 2971 365 3055 ῇ
388 2972 510 3054 μεγάλη
534 2974 662 3053 σοφία*,
695 2968 868 3049 ἀστραπῶν
889 2972 1023 3050 βολίδας
1043 2971 1208 3051 εύστάχους
1238 2973 1292 3034 ε’πῐ
1313 2977 1382 3045 τούς
1400 2971 1618 3054 παράφρονας
1640 2976 1825 3051 πέμπουσα,
1856 2980 1939 3051 πρὸς

348 3079 471 3138 σκοπόν
493 3074 676 3154 ἀλλομένας
697 3073 732 3148 έξ
754 3072 894 3155 ούρανοῦ
916 3081 969 3136 καί
992 3078 1112 3157 νεφάν·
1139 3076 1173 3138 τύ
1196 3076 1232 3138 δὲ
1253 3079 1357 3155 τρίτον
1379 3081 1432 3136 καί
1453 3078 1599 3152 μέγιστον
1620 3080 1654 3138 τδ
1678 3079 1730 3139 τού
1750 3075 1936 3156 πράγματος

348 3177 597 3241 ἀνακόλουθον·
628 3181 673 3250 τίς
694 3178 756 3260 γάρ
785 3180 936 3240 κοινωνία
964 3183 1046 3259 φωτὶ
1075 3179 1156 3261 πρὸς
1183 3181 1313 3255 σκότοςγ
1346 3180 1367 3261 η’
1394 3181 1437 3250 τίς
1467 3180 1670 3262 συμφώνησις
1699 3182 1825 3261 Χριστῷ
1855 3181 1937 3260 πρὸς

348 3282 504 3363 Βελίαρ*,·
527 3285 554 3343 τί
578 3280 613 3343 δέ
635 3281 743 3342 κοινόν
765 3278 944 3366 ἀκαθάρτῳ
967 3303 998 3343 τε
1019 3283 1079 3366 βίῳ
1102 3285 1156 3342 καὶ
1178 3286 1356 3362 πνεύματος
1378 3281 1471 3357 ἁγίου
1493 3286 1682 3362 χαρίσμασις
1702 3285 1747 3363 μη’
1768 3305 1795 3344 τι
1818 3280 1935 3343 συλλέ-

349 3403 458 3463 γουσιν
488 3383 555 3447 ἀπό
585 3383 746 3447 ἀκανθῶν
775 3384 939 3466 σταφυλὴν
969 3386 990 3466 ἢ
1018 3382 1084 3446 ἀπὸ
1107 3384 1262 3465 τριβόλων
1283 3388 1381 3461 σύκαγ
1413 3382 1451 3448 ού
1481 3383 1614 3448 δύναται
1643 3384 1779 3465 δένδρον
1810 3385 1936 3463 σαπρόν

349 3490 491 3571 καρπούς
521 3487 670 3565 ἀγαθούς
703 3489 837 3562 nomn&
869 3484 943 3551 ούδέ
973 3487 1136 3566 μολυσμὸς
1166 3486 1323 3567 ἀμαρτίας
1352 3485 1482 3549 ἑλκύσαι
1520 3488 1723 3567 χαρισμάτων
1757 3487 1935 3565 έυέργειαν·

350 3592 431 3656 πολύ
450 3593 535 3671 μέντ’
549 3590 593 3652 ἀν
614 3589 693 3655 αύτά
708 3594 864 3670 πρότερον
886 3592 906 3671 η’
924 3587 1081 3652 ἀπελάσοι
1105 3592 1249 3670 παρόντα
1273 3593 1292 3670 ἢ
1313 3589 1494 3671 ἀποτρέψοι
1515 3593 1774 3670 παραγινόμενα·
1796 3589 1935 3668 ἔστιγὰρ

348 3698 391 3780 τῷ
414 3697 480 3756 ὄντι
503 3694 604 3755 κακόν
626 3691 643 3777 ῇ
667 3692 808 3776 ἁμαρτία
824 3692 992 3772 οίάνισμα,
1015 3691 1057 3766 ιύς
1071 3695 1089 3776 ἢ
1105 3697 1183 3756 θεία
1197 3717 1236 3772 με
1251 3692 1403 3755 διδάσκαι
1424 3691 1562 3775 γραφῇ*,
1586 3699 1640 3755 καὶ
1657 3696 1661 3780 1
1677 3699 1793 3771 γίνεται
1858 3693 1938 3757 246¹

348 3799 442 3880 (καθ’
455 3794 538 3876 άπερ
551 3795 668 3877 ἰατρῶν
680 3800 760 3878 φασί
773 3794 900 3878 παίδες)
916 3796 1060 3870 ἐπιόντος
1074 3796 1223 3860 κινδύνου
1238 3801 1291 3857 καί
1306 3808 1434 3879 σημεῖον
1450 3798 1519 3878 άμα
1535 3805 1589 3860 καὶ
1604 3802 1713 3861 αἴτιον.
1792 3794 1937 3858 28σκόπει

349 3899 378 3962 δ’
401 3901 444 3962 ἔτι
467 3897 607 3960 κάκείνο.
629 3899 700 3977 έμοὶ
720 3902 780 3978 μὲν
802 3900 883 3981 πρός
904 3903 1003 3961 ταῦτα
1026 3902 1245 3982 ταραττομένῳ
1269 3899 1380 3981 κέρδος
1402 3899 1439 3964 ού
1459 3897 1493 3964 τύ
1518 3903 1731 3982 φαυλότατον,
1753 3903 1815 3962 κάν
1828 3901 1938 3982 μηδεὶς

349 4005 452 4090 προσῇ
474 4000 629 4076 κίνδυνος,
651 4002 787 4082 έμαυτού
809 4023 841 4064 τε
860 4001 987 4081 μᾶλλον
1009 4003 1239 4086 αίσθανομένῳ
1263 4007 1317 4063 καὶ
1339 4007 1381 4084 τῷ
1402 4005 1546 4092 βελτίστῳ
1569 4011 1621 4090 τῇς
1636 4006 1832 4079 κατανύξεως
1848 4025 1937 4085 φαρ-

349 4105 444 4190 μάκῳ
468 4106 714 4188 καθαιρομένῳ,
748 4110 798 4166 σοί
830 4103 865 4167 δὲ
895 4107 957 4167 κάν
986 4104 1162 4178 ἀκινδύνως
1191 4110 1317 4193 θαρρῇς
1347 4107 1403 4186 ούχ
1431 4109 1449 4192 ἢ
1480 4118 1614 4191 τυχοῦσα
1643 4111 1736 4192 ζημία
1758 4106 1937 4191 τηλικούτου

351 4209 451 4274 καλού
478 4213 530 4292 τῇς
560 4205 802 4290 συναισθήσεως
836 4206 1067 4289 ἁμαρτάνοντι,
1102 4211 1163 4269 κάν
1193 4213 1400 4291 προσγένηται
1430 4215 1593 4291 κίνδυνος,
1632 4216 1761 4277 πάντων
1790 4212 1938 4280 οἴκτιστος

349 4313 498 4394 ὄλεθρος.
583 4311 609 4349 ²⁷
619 4315 787 4392 τοιγαροῦν
807 4311 837 4372 εί
857 4314 917 4391 μέν
933 4314 1099 4390 πείθομεν,
1121 4317 1163 4394 τῷ
1187 4316 1282 4374 παντὶ
1303 4317 1393 4376 τούτο
1415 4317 1556 4396 άμεινον,
1579 4320 1609 4380 εί
1631 4317 1659 4380 δ’
1681 4314 1747 4391 ούν,
1770 4313 1842 4376 ἀλλ’
1863 4310 1940 4394 ἡμίν

349 4418 410 4493 μέν
431 4439 458 4477 τι
481 4413 581 4476 πλέον
603 4414 658 4476 έπὶ
678 4415 796 4486 τούτοις
819 4412 922 4490 λέγειν
944 4414 1000 4478 ούκ
1023 4413 1217 4490 ἀναγκαίου·
1253 4417 1315 4476 κάν
1343 4421 1402 4497 γὰρ
1431 4420 1519 4483 αύτολ
1541 4419 1761 4503 σιωπῇσωμεν,
1793 4415 1824 4480 ολ
1847 4416 1938 4480 λίθοι

349 4519 555 4603 κεκράξονται
577 4519 731 4582 -τούτο
754 4516 793 4599 δῇ
815 4517 849 4580 τὸ
873 4516 1087 4598 ὑμνούμενον*
1109 4559 1162 4593 -,
1184 4522 1260 4598 μετά
1283 4522 1347 4581 τάν
1368 4525 1422 4586 τού
1444 4523 1576 4596 πάθους
1601 4522 1769 4600 συμβόλων
1791 4521 1835 4584 ἔτι
1858 4516 1937 4581 δεικ-

354 4688 357 4694 ·
418 4671 447 4719 ²3
469 4650 534 4705 vide
562 4667 635 4719 quae
662 4650 788 4721 Lagarde
812 4651 1025 4722 anmerkungpn
1051 4669 1084 4705 zu
1107 4651 1162 4705 don
1189 4652 1359 4706 Proverbien
1377 4652 1431 4706 VII
1449 4669 1477 4720 95
1504 4653 1540 4707 ad
1566 4653 1713 4722 Sophoclis
1733 4654 1873 4708 Electram
1893 4668 1936 4717 τις

347 4721 505 4788 adnotavit,
525 4722 662 4776 Basiliam
682 4741 737 4789 300,
749 4740 778 4786 41
800 4726 854 4786 648,
867 4741 895 4774 τι
916 4721 1076 4776 Τίιεοδοτεί
1094 4722 1129 4777 οδ
1150 4721 1266 4792 Philipp
1284 4742 1298 4775 2
1317 4723 1424 4793 pagina
1440 4742 1486 4790 453
1508 4724 1600 4779 media
1616 4729 1620 4790 Ι
1636 4744 1667 4790 τι,
1684 4724 1763 4779 Exod
1784 4744 1821 4787 ιτ,
1841 4743 1871 4776 τι
1886 4723 1892 4789 Ι
1908 4741 1940 4786 τι

346 4793 454 4918 Δρηφοί
467 4812 490 4859 7,
504 4811 517 4859 3
533 4797 539 4857 Ι
555 4812 583 4860 25
599 4793 692 4847 Psalm
705 4797 743 4845 τό
758 4796 763 4860 Ι
779 4811 807 4859 25
822 4792 940 4862 sapient
957 4810 980 4860 5,
993 4812 1024 4846 ττ
1040 4796 1045 4861 Ι
1060 4811 1088 4861 ²5
1104 4793 1220 4848 Corinth
1233 4799 1250 4860 β
1262 4798 1285 4858 6,
1301 4811 1327 4861 ¹5
1349 4792 1353 4863 Ι
1373 4813 1401 4861 25
1416 4795 1510 4850 matth
1523 4814 1546 4862 7,
1561 4800 1590 4849 τέ
1605 4801 1632 4848 18
1648 4795 1651 4867 ί
1666 4813 1693 4864 ²5
1710 4797 1790 4866 Regu
1803 4813 1821 4846 ιι
1835 4813 1872 4863 15,
1882 4812 1910 4862 ιη
1932 4793 1937 4865 Ι

346 4883 375 4929 27
417 4881 452 4918 uc
473 4881 510 4930 19,
528 4883 560 4928 40
