4560 6172
349 571 411 635 134
1243 622 1247 628 .
1829 568 1916 637 10⁰

344 738 377 802 τδ
401 740 527 822 πλήθος
549 738 708 818 θαυμάζει
731 743 783 801 καί
804 739 860 821 τήν
881 743 983 802 πίστιν
1005 738 1062 826 (ὥς
1082 740 1180 825 είκάς)
1202 738 1406 820 άποδέχεται·
1432 740 1619 802 πανοικεσία
1635 737 1640 824 ί
1658 740 1719 819 γάρ
1741 744 1774 801 οί
1840 739 1918 804 177²

342 866 376 918 γε
399 842 526 915 πλείους
546 846 672 920 γυναιξί
694 867 723 905 τε
746 847 798 903 καί
818 845 937 916 τέκνοις
958 842 1104 924 πάρεισιν
1126 844 1211 923 ἄμα·
1246 844 1305 927 ἤδη
1337 843 1373 905 δέ
1402 862 1464 904 που
1487 846 1540 903 καί
1562 840 1670 924 ἔρημοι
1691 853 1836 918 γυναῖκες
1858 840 1917 904 ἄν·

345 946 430 1029 δρῦν
452 949 469 1027 ή
494 950 545 1007 καί
566 948 598 1008 τδ
630 951 788 1029 παράπαν
813 949 939 1026 ἄπειροι
967 950 1073 1028 γάμου
1102 954 1156 1009 καί
1185 950 1330 1028 πατέρων
1359 944 1498 1029 ἐρφανοί
1528 945 1640 1019 παῖδες
1662 944 1700 1009 ού
1721 949 1837 1029 μικράν
1857 947 1918 1008 είσι

269 1095 277 1108 ,
342 1052 438 1130 μέρος
459 1055 512 1131 τής
533 1047 720 1133 ῦμηγύρεως,
743 1053 842 1136 μηδὲν
864 1049 925 1116 ῦπδ
949 1054 1063 1116 τούτων
1085 1050 1281 1124 κωλυθέντες
1302 1055 1364 1112 τῶν
1385 1049 1640 1131 συμπτωμάτων·
1673 1051 1771 1114 ἔνθεν
1792 1073 1839 1114 τοι
1861 1055 1917 1113 καί

343 1158 411 1215 πάν
433 1154 510 1216 ὅσον
532 1156 667 1237 ἔκδημον
688 1161 742 1217 καί
764 1155 840 1218 ὅσον
861 1155 1042 1231 ἐγκάτοικον
1070 1154 1114 1226 είς
1138 1152 1229 1217 ταύτὸ
1260 1153 1469 1227 συνελθόντες
1496 1157 1532 1217 ἐν
1560 1156 1727 1229 γεγόνασιν
1749 1156 1915 1236 ἄθροισμα

342 1261 395 1317 καὶ
416 1261 473 1334 μία
495 1257 641 1341 ἐκκλησία
673 1266 726 1321 καί
755 1260 925 1335 σύμπνοια.
953 1257 1183 1338 προσλαβόντες
1212 1257 1248 1320 δέ
1279 1263 1332 1320 καὶ
1361 1261 1415 1321 τδν
1442 1259 1594 1340 ἔξαρχον,
1627 1258 1709 1330 ὅστις
1737 1262 1791 1319 καί
1823 1254 1917 1329 αῦτδς

342 1364 444 1442 μικρῷ
467 1362 620 1443 πρότερον
641 1363 676 1436 ἐξ
697 1362 865 1445 ἀλλοτρίας
894 1363 1002 1445 ἔφθην
1024 1361 1234 1444 ἐπιδημήσας,
1266 1360 1337 1426 ίδοῦ
1363 1370 1450 1446 κοινή
1484 1366 1600 1436 πάντες
1629 1363 1683 1445 τήν
1711 1358 1914 1442 χαρμάσυνον

343 1464 455 1546 ταύτην
476 1464 585 1548 ἑορτήν
606 1467 725 1548 ἄγομεν
747 1471 799 1529 καί
820 1477 874 1529 τδν
899 1470 1006 1528 κοινὸν
1029 1464 1225 1546 περιστάντες
1248 1465 1411 1528 πάντοθεν
1432 1466 1602 1551 εὐεργέτην,
1623 1471 1661 1531 τά
1685 1468 1764 1546 πρὸς
1780 1462 1918 1543 δύναμιν

343 1570 470 1640 ἔκαστος
482 1568 526 1641 είς
540 1571 593 1651 την
605 1569 700 1635 αὐτοῦ
715 1575 806 1652 τιμήν
818 1572 1070 1650 συνεισφέρομεν,
1094 1573 1280 1649 κροτοῦντες,
1297 1568 1474 1648 ὑμνοῦντες,
1490 1572 1695 1658 εὐλογοῦντες,
1710 1572 1915 1651 γεραίροντες,

343 1670 432 1751 δῶρα
455 1672 673 1752 προσάγοντες,
696 1674 871 1753 λαμπάδας
892 1671 1098 1755 ῦφάπτοντες,
1119 1673 1351 1751 ἐπιρραίνοντες
1370 1673 1495 1757 μύροις,
1526 1674 1717 1746 άναδοῦντες
1738 1669 1916 1753 στεφάνοις,

343 1773 460 1836 ἄνθεσι
482 1775 650 1852 βάλλοντες
672 1774 714 1851 ὡς
736 1781 955 1858 τροπαιοῦχον,
979 1774 1021 1849 ὡς
1043 1774 1182 1856 α’ριστέα,
1205 1776 1247 1849 ὠς
1269 1775 1426 1858 α’θλητήν,
1448 1779 1583 1862 νικητήν,
1607 1780 1800 1860 στεφανίτην,
1822 1797 1915 1853 μεγα-

344 1876 535 1958 λομάρτυρα,
558 1884 612 1940 καί
634 1884 714 1961 πρὸς
734 1881 850 1952 τούτοις
875 1882 1072 1960 παγκάσμιον
1093 1883 1215 1962 σωτῆρα
1240 1885 1293 1941 καί
1317 1881 1321 1966 η
1345 1881 1514 1964 κηδεμόνα.
1840 1882 1915 1946 1’181

432 1981 530 2060 18ἔχει
552 1982 587 2045 δέ
607 1986 648 2045 τά
669 2008 699 2047 τε
721 1985 807 2048 ἄλλα
836 1988 889 2045 καί
911 1986 1016 2061 μέντοι
1039 1987 1091 2043 καί
1113 1981 1210 2047 αύτδν
1230 1991 1284 2046 τὸν
1306 1987 1419 2064 καιρὸν
1440 1983 1457 2067 ή
1481 1986 1656 2070 πανήγυρις
1684 1987 1729 2060 είς
1750 1988 1804 2066 τήν
1833 2006 1913 2064 φαι-

343 2083 476 2169 δρότητα
500 2087 663 2168 συνεργόν·
693 2089 824 2169 λαμπρά
847 2091 905 2166 μὲν
926 2089 987 2165 γάρ
1010 2086 1070 2169 η’δη
1099 2092 1151 2147 καί
1180 2085 1197 2166 ή
1228 2087 1289 2168 πρδ
1321 2093 1435 2167 μικροῦ
1463 2097 1505 2171 τῷ
1532 2095 1667 2175 γενναίῳ
1694 2093 1773 2151 κατά
1804 2092 1916 2150 πᾶσαν

344 2188 441 2251 πάλιν
461 2192 514 2250 καί
535 2190 642 2270 χώραν
664 2191 821 2276 (ἐνταῦθα
837 2190 872 2252 δέ
886 2189 1038 2274 μάλιστα)
1061 2192 1200 2252 συστᾶσα
1217 2197 1269 2251 καὶ
1284 2184 1509 2267 τελευθεῖσαθῦ,
1532 2194 1571 2277 ἢν
1591 2197 1627 2256 ἐν
1646 2193 1841 2275 κατόρθωμα
1864 2196 1917 2252 καὶ

343 2290 480 2354 δπτασία
500 2296 559 2371 μία
581 2297 753 2379 νυκτερινή,
775 2294 925 2373 βασιλίδα
947 2293 1044 2355 πάλιν
1065 2292 1212 2356 κινδύνου
1234 2292 1393 2376 ῥυσαμένη
1406 2299 1558 2375 μεγίστου,
1583 2296 1678 2368 οὕτως
1699 2297 1822 2373 ἔντιμον
1837 2296 1916 2356 πάσι

344 2401 397 2458 καί
419 2396 653 2482 δεδοξασμένην
675 2402 864 2482 κατέστησεν.
896 2395 966 2459 ἄλλ’
998 2397 1120 2479 ἐκείνην
1147 2399 1206 2476 μὲν
1235 2396 1253 2458 δ
1284 2398 1349 2458 τότε
1369 2401 1486 2477 χειμὼν
1508 2404 1561 2460 καί
1582 2401 1616 2462 τδ
1639 2401 1717 2470 ἔθος
1739 2398 1845 2470 ἄλλως
1865 2401 1917 2480 τῆς

342 2501 523 2580 ἐγκρατείας
551 2502 787 2587 (κακοπαθείας
815 2498 1002 2585 ὑπόμνησις)
1039 2504 1205 2582 τηνικαῦτα
1234 2503 1340 2580 παρδν
1370 2504 1526 2582 καθαρῶς
1556 2502 1731 2583 ἐκλάμπειν
1757 2500 1814 2566 οῦκ
1843 2503 1918 2562 εἴων

345 2603 449 2683 ὥσπερ
472 2604 562 2687 ήλιον
583 2608 719 2688 νέφη-
743 2604 776 2666 κδ
798 2594 945 2686 τηνικάδε
966 2607 1194 2682 συμβαίνον-
1215 2603 1269 2685 τήν
1288 2601 1396 2685 ἑορτήν
1411 2603 1636 2685 ὑποτρέχοντα·
1661 2608 1753 2685 ταύτη
1766 2603 1849 2692 δὲτή
1863 2605 1918 2668 νῦν

344 2706 483 2795 άγομένη
505 2710 645 2772 τοιοῦτον
665 2712 724 2788 μὲν
747 2706 842 2769 οῦδὲν
866 2705 933 2773 οὐδ’
956 2707 1060 2782 ἐγγύς,
1090 2707 1119 2768 εί
1145 2707 1190 2789 μή
1218 2727 1281 2769 που
1310 2730 1354 2780 τις
1376 2711 1430 2768 καί
1450 2711 1539 2772 τοῦτο
1562 2713 1705 2792 νηστείαν
1726 2712 1758 2771 τδ
1778 2707 1917 2770 κεκολα-

344 2817 461 2894 σμένον
481 2836 549 2886 πως
570 2814 640 2894 ἄρτι
659 2810 813 2873 καὶκατὰ
837 2813 938 2894 βραχύ
966 2813 1221 2893 σωφρονέστερον
1246 2816 1299 2892 τής
1328 2809 1446 2893 διαίτης
1475 2811 1622 2888 καλέσαι,
1656 2816 1788 2896 πρᾶγμα
1817 2811 1919 2886 λέγων

344 2916 516 2997 ἄνᾶμοιον,
551 2917 619 2980 ἐπεί
649 2918 684 2976 τὸ
715 2914 821 2995 παρδν
843 2912 947 2986 αύτοῐς
973 2936 1004 2974 τε
1024 2923 1088 2986 τοϊς
1110 2912 1259 2978 ἄσκοῦσιν
1281 2913 1365 2990 ἄγαν
1388 2915 1596 2997 κουφότατον,
1627 2926 1693 2989 τοῖς
1714 2937 1744 2977 τε
1766 2913 1920 2988 πλείστοις

344 3024 406 3082 τᾶν
428 3019 536 3082 ἄλλων
557 3023 612 3102 την
633 3016 735 3101 α’ρχήν
756 3015 830 3081 οῦδὲ
852 3019 1021 3097 γνώριμον.
1049 3016 1130 3082 οῦτω
1154 3016 1189 3079 δὲ
1211 3017 1403 3104 προάΙγομαι
1425 3018 1536 3094 λέγειν,
1570 3020 1691 3082 ἐννοῶν
1717 3018 1775 3101 τήν
1841 3018 1918 3084 178²

344 3120 555 3206 ἄνθρωπίνην
576 3121 761 3197 α’σθένειαν,
793 3121 835 3195 ὥς
856 3123 889 3183 τὸ
910 3124 969 3201 μὲν
990 3120 1145 3184 ἐπίπονον
1166 3120 1266 3195 ἄπαν,
1291 3121 1309 3183 ὃ
1332 3128 1384 3203 τῆς
1406 3118 1517 3204 α’ρετής
1537 3122 1621 3184 ἐστίν
1649 3121 1742 3200 ἴδιον,
1774 3122 1920 3201 δυσχερές

346 3249 414 3299 πως
435 3225 552 3310 ήγείται
575 3231 627 3288 καί
649 3226 756 3310 άηδές,
782 3224 840 3307 ήδύ
863 3224 898 3286 δέ
920 3223 1102 3290 τούναντίον
1131 3229 1184 3285 καί
1212 3229 1322 3307 χάριεν
1350 3222 1383 3288 τδ
1413 3223 1576 3308 ῥᾳστάνην
1608 3226 1681 3305 ἔχον
1714 3230 1767 3287 καί
1799 3226 1918 3300 ἄνεσιν,

344 3331 423 3412 πρὸς
445 3331 462 3393 ὃ
485 3329 646 3411 πεφύκασι
667 3330 793 3411 μᾶλλον
816 3332 835 3411 η’
856 3329 936 3408 πρὸς
958 3327 1058 3390 ἐκεῖνο
1081 3331 1132 3389 καί
1155 3330 1189 3389 τδ
1212 3327 1354 3411 φαιδρὰν
1374 3338 1496 3408 μετρεῖν
1517 3333 1580 3391 τῶν
1603 3332 1773 3404 συνάξεων.

433 3433 537 3498 ἐλάλλ
559 3435 576 3496 ὁ
598 3438 657 3514 μὲν
679 3434 746 3497 τότε
767 3435 876 3515 καιρδς
902 3432 980 3514 ὅπερ
1003 3431 1136 3514 ἔφαμεν,
1168 3437 1222 3493 καὶ
1243 3430 1298 3494 διά
1324 3433 1379 3513 τήν
1400 3432 1489 3515 ὥραν
1510 3431 1568 3513 ούχ
1586 3433 1693 3515 ήκιστα
1715 3439 1769 3496 καί
1791 3432 1844 3495 διά
1867 3434 1922 3496 τδν

343 3540 482 3622 ἄρχοντα
504 3540 604 3620 νόμον
626 3542 680 3600 καί
701 3535 832 3609 ἑκόντας
854 3539 908 3598 καὶ
930 3535 1065 3608 ἄκοντας
1086 3536 1131 3608 είς
1152 3536 1326 3617 κατήφειαν
1347 3535 1559 3611 συνελαύνων,
1592 3540 1628 3625 τῇ
1656 3539 1839 3616 περιχαρείᾳ
1868 3538 1920 3618 τῆς

343 3642 545 3727 πανηγύρεως
572 3642 656 3722 ὅμως
683 3640 868 3723 ἐξενικήθη·
905 3640 922 3702 ὁ
953 3639 982 3702 δ’
1004 3639 1134 3712 ἐνεστώς
1166 3636 1346 3704 τούναντίον
1380 3638 1417 3704 οὐ
1446 3642 1562 3721 μικρὸν
1593 3644 1688 3722 μέρος
1717 3642 1848 3702 οἴκοθεν
1876 3640 1922 3713 είς

343 3745 461 3831 ήδονήν
482 3770 512 3808 τε
535 3753 588 3807 καί
609 3745 703 3827 χάριν
723 3748 759 3832 τή
783 3745 926 3832 παρούση
951 3747 1174 3826 προστίθησιν·
1207 3744 1265 3824 ἔαρ
1294 3744 1355 3822 γάρ
1389 3742 1407 3827 ή
1435 3744 1605 3822 βασίλισσα
1635 3751 1705 3807 νυνὶ
1732 3749 1794 3806 τῶν
1817 3742 1919 3824 ὡρῶν,

343 3854 470 3914 καὶτοῦ
492 3850 584 3930 ἔαρος
607 3848 666 3933 ήδη
689 3849 720 3910 τό
742 3847 848 3930 λῆγον,
871 3846 908 3911 ού
930 3850 964 3910 τὸ
987 3845 1177 3928 άρχύμενον,
1200 3846 1277 3909 ὥστε
1301 3845 1359 3910 δύο
1381 3850 1502 3927 καιρῶν
1523 3851 1585 3911 τᾶν
1608 3849 1781 3911 καλλίστων
1802 3848 1920 3926 ἐξόχως

343 3958 396 4013 καί
416 3953 646 4033 τερπνοτάτων,
680 3951 774 4031 ἔαρός
805 3973 835 4012 τε
864 3955 918 4011 καὶ
948 3954 1080 4030 θέρους,
1110 3951 1146 4013 ἐν
1175 3955 1260 4034 μέσῳ
1289 3953 1344 4034 τήν
1372 3949 1494 4035 ἡμέραν
1516 3951 1625 4032 λαχεῖν
1646 3957 1700 4014 καὶ
1722 3952 1755 4015 τδ
1780 3951 1921 4035 φαιδρδν

342 4055 542 4137 ἑκατέρωθεν
563 4055 732 4138 προδήλως
754 4052 992 4129 καταπλουτεϊν,
1023 4051 1145 4136 ήμέραν
1173 4059 1228 4137 τήν
1249 4059 1291 4140 τῷ
1316 4055 1380 4118 ὄντι
1402 4060 1545 4139 μεγίστην
1566 4057 1601 4118 ἐν
1623 4057 1754 4139 ἡμέραις
1775 4057 1921 4119 ἐνιαυτοῦ

343 4163 433 4242 μήκει
446 4183 476 4222 τε
501 4161 707 4242 διαστήματος
730 4159 775 4233 είς
796 4157 936 4238 ἑσπέραν
957 4158 991 4233 ἐξ
1013 4161 1055 4221 ἐω
1077 4164 1131 4219 καί
1151 4162 1280 4237 μεγέθει
1302 4161 1426 4241 χάριτος
1449 4164 1502 4220 καί
1517 4160 1741 4241 λαμπρότητος,
1765 4161 1843 4221 καθ’
1865 4160 1921 4242 ήν*

343 4266 414 4328 ὅτε
432 4263 530 4350 ήήλιος
550 4264 595 4336 εἰς
617 4264 716 4344 ἄκρον
737 4262 821 4346 ῦψος
851 4263 983 4343 ἐπῆρται
1013 4267 1064 4322 καὶ
1090 4261 1332 4344 τηλαυγεστέρας
1357 4265 1484 4326 έκετθεν
1505 4262 1660 4346 ἐπαφίησι
1681 4269 1717 4352 τῇ
1739 4266 1777 4353 γῇ
1845 4264 1922 4328 179¹

342 4375 397 4442 τάς
412 4368 551 4441 ἄκτϊνας,
575 4367 687 4450 σελήνη
703 4367 738 4429 δὲ
755 4367 850 4431 νύκτα
872 4370 926 4426 καὶ
941 4365 1069 4448 α’στέρες
1087 4365 1329 4448 φαιδρύνουσιν,
1352 4365 1411 4444 οῦχ
1432 4364 1475 4437 ὡς
1497 4369 1576 4442 χθές
1598 4388 1661 4429 που
1683 4372 1735 4428 καί
1751 4366 1863 4451 πρώην
1879 4369 1922 4449 τῷ

344 4471 431 4557 ζάφφ
453 4476 515 4535 τῶν
537 4477 645 4554 νεφῶν
665 4470 940 4554 ἐναφανιζόμενοι,
964 4469 1049 4532 άλλᾶ
1073 4474 1229 4551 καθαρῶς
1251 4468 1495 4545 συναυγάζοντες
1510 4469 1661 4547 άλλήλοτς
1676 4477 1729 4532 καὶ
1745 4470 1922 4551 συνεκλάμ-

344 4599 463 4652 ποντες,
486 4574 541 4657 ὑφ’
564 4571 611 4639 ἄν
632 4575 652 4658 η’
672 4599 701 4638 τε
724 4577 781 4649 νύξ
817 4573 863 4646 είς
885 4572 1003 4656 ἡμέρας
1024 4574 1105 4655 ἄψιν
1125 4585 1355 4654 μεταποιεῖται,
1385 4578 1439 4633 καὶ
1461 4573 1499 4633 τά
1522 4570 1661 4655 οῦράνια
1689 4575 1807 4660 κάλλη,
1838 4596 1923 4637 παν-

344 4680 485 4759 ταχόθεν
507 4679 730 4761 προβάλλοντα
750 4679 961 4760 μαρμαρυγὰς
983 4678 1156 4755 ἐξαισίους,
1187 4677 1314 4761 η’διστάν
1340 4676 1401 4739 είσι
1431 4680 1544 4756 θέαμα
1573 4688 1636 4751 τοῖς
1665 4677 1793 4741 ἐκείνων
1826 4677 1922 4761 φιλο-

417 4850 444 4897 13
465 4830 506 4885 0¹¹²
526 4829 588 4898 περί
598 4831 643 4883 τοῦ
656 4826 882 4898 πρωτοσαββάτων
900 4826 1018 4898 (geschr.
1032 4825 1235 4896 πρωτωταββάτ·
1251 4826 1313 4880 d.h.
1332 4844 1383 4879 των
1400 4827 1480 4882 nicht
1496 4843 1542 4879 τοο
1561 4826 1602 4881 als
1613 4827 1732 4899 Endung
1750 4828 1804 4884 πολ
1822 4828 1923 4895 ίεΙεοὶι)

346 4901 534 4968 θέαάεαιααάῐ
552 4918 581 4967 ¹⁴
598 4901 640 4956 0¹¹³
658 4900 777 4968 περὶτῆς
795 4899 893 4970 ἡμέρας
909 4900 954 4952 τοῦ
973 4897 1110 4970 άνθισμοῦ
1130 4898 1300 4953 δίπάτυοπαά
