4560 6172
346 574 428 641 179
1873 574 1935 638 125

346 743 496 827 α’θλητην
519 745 555 808 δὲ
577 746 731 808 ἐπέλιπον
753 749 798 819 είς
820 746 911 809 άπαν
934 746 969 808 αί
992 746 1116 827 σάρκες,
1146 745 1207 811 ύπδ
1232 753 1294 810 τῶν
1316 746 1472 833 κοράίκων
1494 747 1623 809 ἐκείνων
1648 747 1668 826 η’
1689 751 1794 807 κυνῶν
1862 746 1939 809 1612

348 852 402 909 καλ
427 852 552 930 θηρίων
573 849 701 926 μᾶλλον
722 851 825 912 εέπείν
848 850 979 934 α’πηνῶς
1001 849 1274 930 σπαρασσόμεναι,
1297 851 1491 929 ἐμαλάσσετό
1514 872 1588 912 ποτε
1610 851 1691 911 πᾶσι
1713 852 1748 910 τό
1768 847 1939 928 α’γριαίνον

348 955 402 1011 καὶ
423 954 457 1014 τό
489 952 714 1032 θυμούμενον,
745 959 799 1014 καλ
827 958 881 1016 τόν
910 957 969 1033 μὲν
1002 953 1045 1026 ῶς
1076 955 1208 1032 άιμυχον
1237 959 1359 1035 φόρτον
1387 953 1421 1016 τδ
1452 953 1665 1032 δεσμωτήριον
1699 950 1938 1030 παρελάμβανε,

346 1060 452 1134 χερσὶν
474 1054 655 1135 α’λλοτρίαις
677 1054 871 1133 ἀπαχθέντα
900 1063 953 1116 καί
976 1060 1210 1136 προσριφέντα,
1242 1057 1276 1117 τδ
1301 1057 1441 1138 φαιδρδν
1470 1055 1506 1117 δὲ
1534 1053 1618 1139 αὐτῷ
1648 1052 1710 1116 κάν
1738 1058 1774 1141 τῇ
1805 1053 1938 1134 βασάνῳ

346 1162 454 1239 παρῆν
483 1156 545 1219 κάν
575 1164 610 1246 τῇ
632 1162 760 1238 φρουρᾷ
782 1164 958 1238 παρέμενεν
981 1161 1134 1237 ἄτρεπτον
1168 1164 1219 1219 καί
1241 1161 1275 1220 τό
1299 1167 1426 1240 στερρὸν
1448 1157 1599 1231 άπαθές,
1634 1162 1688 1217 καί
1714 1156 1768 1217 ἐπί
1798 1155 1938 1233 γλώσσης

347 1255 378 1322 οἱ
399 1260 506 1339 ύμνοι,
530 1269 583 1322 καί
606 1261 637 1323 ολ
659 1262 830 1342 ὀφθαλμοὶ
854 1261 972 1334 ἀτενεῖς
994 1260 1237 1344 ἐπλτδνσιρζειν
1260 1262 1449 1339 δυνάμενον.
1474 1260 1518 1320 ²³6
1543 1260 1579 1321 δέ
1600 1260 1693 1337 ταχύς
1715 1259 1843 1329 ἐπιστάς
1867 1261 1935 1343 (καὶ

346 1365 407 1443 γάρ
430 1363 579 1446 ἔπρεπεν)
604 1366 807 1446 ἐμφανίζεται
830 1366 878 1450 (τδ
902 1362 1102 1445 θαυμάσιον)
1127 1365 1282 1435 ἐνωπιος*
1305 1364 1441 1446 ἐνωπίῳ,
1464 1365 1497 1425 τδ
1521 1361 1634 1424 ἑαυτοῦ
1657 1366 1727 1442 φῶς
1749 1361 1934 1437 ἐκλάμπων,

348 1473 401 1523 καὶ
424 1467 599 1544 προσλαλεί
618 1473 749 1550 γνησίως
771 1473 825 1528 καὶ
847 1467 1065 1548 φιλοφρόνως,
1090 1464 1134 1538 ῶς
1155 1468 1249 1536 εἴτις
1273 1467 1405 1546 λαλήσοι
1428 1472 1508 1544 πρὸς
1529 1469 1670 1526 τοιοῦτον
1690 1463 1804 1527 ἑαυτοῦ
1829 1463 1935 1544 φίλον.

347 1571 374 1627 ῶ
395 1572 447 1649 τῆς
476 1568 600 1645 ὁμιλίας
626 1572 754 1651 ἐκείνης,
778 1572 817 1653 ἢν
840 1571 973 1648 Χριστός
995 1568 1101 1646 ὁμιλεῖ
1122 1571 1201 1647 πρὸς
1223 1574 1277 1629 τὸν
1300 1568 1396 1632 αὐτοῦ
1415 1569 1573 1647 μάρτυρα,
1597 1573 1650 1627 καὶ
1673 1568 1769 1645 χορόν
1792 1564 1936 1642 α’γγέλων

343 1669 487 1748 ᾀδόντων
509 1676 678 1753 περιΐστησι
701 1671 814 1754 κύκλῳ.
838 1656 1079 1754 παρηγορεῖται*
1102 1674 1260 1743 παντοίως
1275 1680 1328 1731 καὶ
1350 1670 1525 1732 άνακτάται
1548 1677 1604 1731 καί
1629 1672 1797 1748 θειοτέραν
1818 1672 1937 1749 βρῶσιν

348 1775 483 1853 ψωμίζει
506 1779 666 1852 κάμνοντα
689 1776 772 1854 λιμῶ
795 1781 847 1835 καὶ
869 1774 1009 1847 ὀδύναις,
1033 1775 1085 1835 ἐπὶ
1109 1780 1207 1834 πᾶσιν
1229 1773 1366 1847 ύγιῶσας
1387 1773 1465 1835 ὅλον
1487 1774 1520 1834 τδ
1537 1778 1630 1849 σῶμα
1653 1779 1707 1833 καί
1736 1778 1791 1853 την
1809 1775 1936 1854 πρῶτην

276 1944 285 1965 ⁴
348 1877 490 1949 άπυδοὺς
512 1881 595 1953 ὄψιν
617 1881 726 1963 (ταῦτα
749 1881 809 1957 γάρ
832 1881 908 1958 ἔργα
930 1881 983 1958 τῆς
1005 1881 1141 1955 Χριστοῦ
1164 1876 1380 1961 παίρουσίας),
1412 1877 1477 1936 εἶτα
1501 1875 1601 1936 τελέαν
1626 1874 1790 1954 θαρσύνας
1859 1876 1933 1938 162¹

347 1983 401 2039 καλ
431 1981 595 2058 ἐνισχύσας
624 1985 678 2043 τδν
709 1983 868 2059 στέφανόν
896 2003 926 2041 τε
959 1985 1010 2060 τῆς
1043 1982 1128 2059 νίκης
1158 1980 1193 2040 ἐν
1223 1991 1296 2050 ταῖς·
1313 1983 1437 2050 θείκαϊς
1469 1982 1554 2057 χερσί
1582 1977 1782 2055 παραδείξας
1804 1978 1934 2058 κοίτην

346 2083 497 2146 ἐντεῦθεν
518 2085 705 2167 μετάκλησιν
726 2088 869 2164 ταχίστην
891 2082 1179 2160 ἐπαγγειλάμενος,
1210 2083 1289 2145 οὕτω
1313 2082 1412 2143 πάλιν
1435 2082 1597 2160 ἀπῆλθεν,
1628 2080 1792 2161 α’στραπῆς
1814 2081 1933 2157 πεπλη-

346 2187 447 2262 σμένα
471 2187 576 2246 πάντα
600 2186 712 2248 λυπῶν.

437 2288 463 2323 ²⁴
474 2289 557 2349 λέων
586 2286 625 2369 ἦν
653 2288 790 2365 α’τεχνῶς
818 2290 895 2366 μετά
924 2292 978 2369 την
1007 2288 1089 2366 ὄψιν
1119 2285 1136 2347 δ
1167 2286 1308 2359 δίκαιος,
1345 2289 1511 2356 πεπυιθῶς
1534 2288 1615 2366 πρδς
1637 2285 1729 2346 ἅπαν
1752 2285 1858 2347 δεινδν
1881 2294 1933 2345 καὶ

346 2393 428 2468 μέγα
451 2395 530 2451 κατά
555 2394 684 2452 πάντων
706 2390 766 2472 ἤδη
789 2393 936 2469 φρονῶν·
965 2389 1081 2450 ἐπόθει
1103 2393 1163 2465 μὲν
1186 2384 1241 2449 οὖν
1264 2386 1361 2461 αὖθις
1386 2393 1420 2449 τό
1444 2387 1584 2461 στάδιον,
1608 2394 1661 2447 καί
1684 2388 1868 2469 συμπλοκὴν
1891 2387 1933 2458 ῶς

344 2492 440 2569 τάχος
461 2492 575 2574 ἐζήτει,
606 2500 660 2553 καί
683 2495 762 2570 πρδς
790 2496 844 2552 τόν
873 2492 984 2568 άγῶνα
1015 2492 1272 2571 διεθερμαίνετο·
1308 2490 1450 2570 συνήργει
1480 2491 1515 2551 δὲ
1544 2489 1682 2567 μάλιστα
1711 2494 1755 2574 τῶ
1776 2489 1876 2574 πόθῳ
1898 2495 1932 2553 τό

347 2600 474 2673 θαῦμα,
497 2596 679 2676 ἐπιδραμδν
700 2596 737 2657 ἐν
758 2594 855 2674 ὀλίγῳ
878 2598 988 2656 πάσαν
1010 2600 1064 2675 την
1086 2594 1181 2654 πόλιν
1210 2598 1263 2652 καὶ
1286 2594 1494 2674 καταπλῆξαν
1514 2597 1575 2672 μὲν
1598 2592 1744 2664 ἅπαντας
1765 2597 1808 2678 τῷ
1831 2601 1932 2677 καινῷ

346 2704 400 2759 καὶ
422 2696 560 2781 α’πίστῳ,
592 2697 651 2762 οόκ
676 2699 801 2775 δλίγους
823 2697 858 2758 δὲ
880 2704 943 2759 τῶν
966 2698 1185 2759 συνασπιοτῶν
1207 2699 1260 2759 τοῦ
1281 2699 1427 2770 γενναίου
1449 2695 1585 2758 ἐλκῦσαν
1612 2695 1658 2769 είς
1679 2702 1734 2779 την
1752 2697 1929 2771 ἐπίγνωσιν.

345 2803 441 2884 ταύτη
463 2824 510 2862 τοι
532 2808 585 2863 καὶ
609 2804 749 2880 θέατρον
771 2798 916 2880 δεύτερον
939 2800 1023 2863 πολύ
1045 2823 1072 2861 τι
1096 2798 1315 2877 λαμπρότερον
1338 2801 1358 2881 η’
1379 2804 1412 2859 τό
1435 2796 1590 2878 πρότερον
1611 2795 1660 2880 η’ν,
1682 2799 1734 2863 ἐπ’
1753 2798 1837 2885 αύτῷ
1853 2807 1931 2880 ταχὺ

346 2903 606 2984 συναθροίζεται,
642 2904 786 2965 ἄλλοθεν
814 2903 916 2965 άλλοο
946 2904 1024 2964 κατά
1048 2902 1191 2983 σπουδὴν
1213 2900 1256 2973 ῶς
1277 2902 1361 2972 ελκδς
1383 2906 1463 2981 πρὸς
1484 2906 1538 2983 τήν
1560 2907 1614 2966 τού
1636 2901 1824 2981 παραδόξου
1846 2905 1932 2963 θίαν

346 3011 565 3086 συντρέχοντος
597 3013 650 3067 καὶ
681 3008 714 3070 τό
747 3011 838 3079 ξένον
869 3006 1016 3084 άκουσμα
1050 3009 1136 3066 τούτο
1168 3007 1263 3084 πείρᾳ
1294 3007 1466 3080 βασανίσαι
1499 3004 1665 3089 ζητοῦντος.
1717 3002 1744 3041 ²⁶
1754 3007 1932 3082 παράγεται

345 3115 451 3171 τοίνυν
473 3107 570 3181 αὖθις
592 3111 637 3182 τίς
657 3110 660 3194 ί
679 3113 794 3189 μίσους
817 3107 957 3179 δκαινός
976 3113 1029 3167 καί
1052 3107 1245 3179 νεύπλασιος
1261 3107 1397 3186 άνδριάς
1415 3108 1534 3180 ἐκεῖνος
1548 3111 1601 3189 τῆς
1619 3107 1786 3186 εὐσεβείας,
1854 3109 1931 3173 1622

345 3215 480 3275 καὶτῶν
501 3216 561 3291 μὲν
582 3217 640 3284 τάς
661 3236 692 3273 τε
714 3215 808 3291 ὄψεις
830 3218 883 3272 καί
905 3213 960 3282 τάς
984 3213 1092 3292 ψυχάς
1114 3212 1147 3272 τὸ
1170 3214 1286 3290 θαῦμα
1309 3222 1446 3290 κατεῖχε,
1479 3218 1533 3273 καί
1562 3208 1599 3293 ἦν
1622 3209 1744 3292 άπορία
1767 3209 1854 3294 δεινη
1877 3217 1933 3273 καί

344 3312 508 3397 άμηχανία
531 3316 612 3393 πρός
634 3317 670 3375 τά
693 3315 859 3393 δρώμενα,
891 3314 908 3376 ὁ
940 3314 975 3375 δὲ
1006 3319 1061 3395 την
1089 3314 1229 3389 γλῶτταν
1257 3312 1363 3385 αὐτοῖς
1394 3317 1473 3376 κατά
1508 3318 1620 3394 καιρόν
1650 3315 1771 3394 ἐξορμᾷ
1801 3320 1854 3375 καί
1876 3318 1932 3396 την

343 3417 534 3497 ἐλευθερίαν
554 3421 607 3496 τῆς
628 3419 753 3497 χάριτος
774 3421 850 3498 μετά
874 3423 927 3496 τῆς
949 3417 1107 3499 άληθείας
1132 3418 1190 3500 ἤδη
1219 3416 1475 3500 παρρησιάζεται.
1497 3413 1586 3489 οὗτος
1608 3418 1625 3478 δ
1651 3416 1728 3488 θεὸς
1751 3415 1767 3478 ὁ
1790 3418 1866 3497 ἐμός
1888 3455 1929 3464 -

346 3521 443 3600 φησίν
471 3558 517 3593 -,
552 3515 639 3592 οὗτος
663 3519 680 3583 δ
705 3522 855 3601 Χριστός,
891 3520 1043 3594 δικαστά,
1079 3517 1169 3592 οὗτος
1197 3519 1214 3581 ὁ
1238 3521 1313 3599 ἐμὸς
1333 3525 1461 3600 κύριος,
1495 3525 1566 3600 περὶ
1588 3514 1629 3584 ού
1650 3519 1837 3600 φιλοπόνως
1858 3523 1933 3599 πρίν

343 3622 554 3684 ἐπυνθάνου·
577 3621 656 3704 ὑπὲρ
679 3621 818 3686 τοιούτου
841 3622 995 3685 δεσπότου
1016 3629 1071 3682 καί
1092 3621 1216 3683 παθῶν
1237 3622 1298 3698 ἐγω
1320 3626 1431 3703 χαίρω,
1466 3630 1519 3684 καί
1549 3627 1673 3685 παθεῖν
1694 3621 1740 3695 είς
1762 3624 1805 3684 ὅτι
1828 3621 1930 3702 διψῶ,

345 3725 380 3798 ὃς
402 3724 449 3787 δτι
470 3727 524 3787 τδν
546 3725 728 3806 ἄνθρωπον
750 3727 887 3788 ἔπλασεν
910 3723 1006 3796 αὐτὸς
1027 3723 1085 3786 άπ’
1109 3723 1224 3807 άρχῆς,
1259 3723 1503 3806 άναμφιλίκτως
1525 3724 1624 3798 ἔδειξε
1647 3729 1705 3788 νῦν
1727 3724 1762 3798 ἐξ
1785 3723 1831 3785 ῶν
1854 3723 1930 3787 άνέ-

344 3828 467 3889 πλασεν
488 3828 669 3910 ἄνθρωπον
691 3834 819 3892 τοιαῦτα
844 3828 885 3889 δι’
909 3826 1005 3890 αύιόν
1027 3826 1207 3889 ὑποστάντα
1230 3836 1283 3888 καὶ
1306 3829 1385 3891 οὕτω
1408 3829 1595 3891 παντάπασι
1617 3832 1650 3890 τδ
1669 3830 1761 3905 σῶμα
1780 3826 1931 3910 διαφθα-

345 3934 456 4011 ρέντα·
488 3933 557 4003 τοὺς
586 3931 621 3992 δὲ
651 3936 723 4004 σοὺς
752 3931 912 4003 δειλαίους
936 3933 1032 4003 θεοὺς
1054 3931 1262 4001 πεπονθότας
1285 3931 1346 4014 ἤδη
1367 3933 1404 3992 τά
1428 3933 1640 4012 παραπλήσια
1661 3935 1706 4003 τίς
1729 3929 1930 4008 άναπλάσεις

343 4035 388 4105 τίς
409 4033 595 4115 άναστησειγ
627 4039 671 4106 τίς
693 4034 799 4106 αὐτοῖς
824 4033 924 4095 πάλιν
955 4034 1051 4095 δοίσει
1074 4040 1129 4114 την
1151 4034 1196 4105 είς
1216 4036 1250 4095 τό
1272 4034 1410 4113 άρχαίυν
1439 4032 1716 4111 άποκατάστασινς
1749 4032 1845 4112 δρᾶτε
1874 4036 1930 4116 τὴν

345 4136 471 4219 άπάτην
495 4136 619 4217 δπύσηγ
652 4135 746 4216 δρᾶτε
768 4144 820 4217 τῆς
843 4140 1014 4219 θρησκείας
1036 4137 1092 4219 τὴν
1114 4135 1267 4214 άλογίαν,·
1300 4136 1405 4200 σύνετέ
1428 4159 1512 4210 ποτε,
1537 4136 1758 4218 παιδεύθητε*,
1781 4139 1930 4216 μάταιοι·

343 4241 440 4315 γνῶτε
474 4242 612 4317 ματαίας
645 4242 701 4311 τάς
737 4237 871 4311 ἐλπίδας
906 4237 995 4317 ὑμῶν
1032 4239 1085 4300 ἐπί
1121 4241 1267 4317 ματαίοις
1304 4241 1515 4318 σεβάσμασιν·
1560 4240 1711 4315 ἐπίγνωτε
1744 4243 1799 4302 τδν
1836 4242 1932 4314 ὄντως

346 4342 351 4427 Ι
376 4341 475 4403 θεόν·
499 4343 755 4422 σωφρονέστερόν
777 4367 802 4403 τι
826 4344 1018 4423 φρονησατε·
1040 4341 1265 4420 μεταβάλεσθε
1288 4339 1354 4420 δψε
1376 4345 1470 4417 γοῦν·
1492 4340 1629 4422 εὐμενῶς
1653 4349 1705 4404 καί
1728 4346 1785 4405 νῦν
1855 4344 1931 4408 163¹

344 4445 466 4519 δέξεται
488 4445 569 4523 πρδς
590 4440 687 4505 αι’τὸν
708 4444 971 4525 ἐπιστρέφοντας·
1007 4443 1086 4504 τίδ’
1109 4441 1165 4506 οὖν
1196 4447 1290 4521 τυχδν
1318 4448 1378 4522 μὲν
1399 4449 1644 4525 μακροθυμησει
1667 4448 1721 4505 καί
1744 4445 1801 4520 ἔτι,
1825 4445 1930 4526 ῶσπερ

343 4547 382 4629 δη
405 4553 459 4606 καὶ
480 4549 705 4625 μακροθυμεῖ,
728 4545 782 4608 οὐκ
804 4547 865 4625 ἔχω
888 4547 923 4608 δὲ
947 4546 1059 4622 λέγειν,
1082 4548 1141 4607 ἐάν
1161 4547 1207 4618 είς
1229 4547 1334 4618 τέλος·
1364 4549 1491 4617 πάντως
1513 4547 1542 4607 δ’
1568 4543 1625 4608 σύν
1647 4545 1774 4607 κολάσει
1795 4552 1872 4625 μετὰ
1895 4551 1928 4609 τό

343 4649 440 4724 τέλος,
464 4655 517 4711 καί
541 4648 727 4730 παραδῶσει
750 4655 825 4729 πυρί
847 4651 917 4721 τοὺς
930 4649 972 4723 ῶς
988 4653 1058 4730 φῶς
1074 4647 1169 4713 αύτδν
1183 4654 1225 4730 με)
1242 4648 1466 4729 γνωρίσαντας,
1488 4649 1524 4712 ἐν
1538 4651 1583 4733 τῷ
1599 4649 1733 4729 παρόντι
1749 4648 1928 4731 λάμψαντα

340 4758 412 4839 βίῳ.
462 4757 592 4818 τοιαῦτα
622 4752 752 4814 πλείστα
782 4756 950 4834 συνείρων,
985 4759 1038 4814 καί
1068 4752 1287 4830 διαχλευάζων
1316 4755 1375 4831 μὲν
1406 4755 1442 4815 τοί
1474 4752 1613 4826 ἐκείνων,
1654 4756 1691 4812 τά
1723 4755 1861 4832 Χριστού
1894 4753 1929 4816 δὲ

414 4897 443 4943 23
464 4875 506 4931 0¹¹¹
526 4874 541 4942 ἢ
560 4873 673 4928 δπτοοία
693 4874 864 4928 θίαδιεοαιιδ
879 4877 883 4936 Ι
899 4895 928 4942 ²3
949 4874 1024 4928 Num
1047 4894 1084 4938 τε,
1103 4880 1117 4928 8
1133 4874 1139 4942 Ι
1155 4894 1182 4941 23
1202 4878 1374 4944 παρηγορεῖτε
1393 4873 1480 4928 codex
1497 4877 1502 4940 Ι
1518 4891 1547 4941 ²5
1565 4872 1659 4927 Paalm
1678 4891 1701 4936 τ,
1722 4891 1752 4925 ιο
