4560 6172
1743 571 1786 635 55

190 739 306 811 πάντες
325 737 516 818 έλάβομενι,
538 741 582 822 μή
604 744 712 818 μέντοι
733 741 785 803 τοῦ
813 738 1035 820 ὑστερήματος,
1068 739 1112 813 ῶς
1144 743 1201 803 νῦν
1231 741 1379 819 παρέχεις
1409 737 1568 804 ῦπονοεῖν.
1616 739 1721 802 ἵτοῦτο
1745 739 1782 823 δή

189 846 243 902 καὶ
263 845 459 921 μαντεύομαι
492 841 618 924 (μάντις
647 843 774 922 ἀριστος
804 844 849 902 ῶν
880 840 923 914 ῶς
950 843 1053 916 δεξιὸς
1079 841 1237 924 εἰκαστής)
1271 845 1324 900 καὶ
1352 839 1466 920 μικρδν
1495 840 1573 902 ὅσον
1594 840 1672 903 δσον
1694 863 1786 902 κατε-

189 941 409 1018 παγγέλλομαί
431 959 488 1005 σου
510 949 546 1031 τῇ
569 931 760 1026 ἀδελφότητι
790 946 861 1030 (σδν
892 949 962 1027 θεῷ
992 945 1027 1006 δέ
1056 943 1073 1006 δ
1107 943 1235 1027 λόγος)·
1257 947 1300 1024 μή
1321 945 1383 1023 γάρ
1406 941 1447 1024 δή
1468 965 1531 1006 που
1556 943 1593 1007 τοὶ
1618 944 1730 1021 πρῶτά
1751 962 1785 1006 σε

188 1049 240 1124 τῆς
261 1043 360 1127 ἀρχῆς
375 1049 562 1125 θορυβείτω,
585 1046 669 1109 ἀλλά
695 1046 848 1111 θαλπέτω
871 1049 908 1108 τά
931 1047 1099 1127 μέλλοντα,
1123 1047 1192 1109 ἐπεὶ
1215 1046 1307 1130 (καθ’
1329 1047 1412 1124 οἵπερ
1435 1043 1590 1128 ἀνέγνως)
1612 1045 1680 1107 σῦτε
1702 1041 1785 1126 η’θος

188 1144 308 1227 ἀνδρὸς
328 1146 426 1220 εὐθὺς
448 1146 572 1211 ἀλωτδν
594 1151 662 1213 οὐτε
684 1151 790 1230 χῶρας
812 1149 906 1231 φύσις
927 1154 980 1211 καὶ
1002 1150 1114 1232 ἀρετή,
1144 1150 1192 1212 ὅτι
1221 1149 1263 1231 μή
1294 1151 1401 1230 χρόνῳ
1422 1151 1536 1231 μακρῷ
1558 1157 1613 1211 καῖ
1635 1151 1783 1236 συνουσίρι

187 1251 365 1330 τελεωτέρα.
411 1250 453 1311 ³ae
486 1257 540 1312 καί
576 1256 609 1314 σὲ
639 1257 740 1314 πείσει
770 1256 897 1326 πάντως
929 1251 985 1316 οὐκ
1013 1253 1058 1326 είς
1087 1253 1216 1334 μακράν
1248 1247 1296 1336 (εὖ
1329 1249 1390 1312 οἶδ’
1425 1249 1485 1332 δτι)
1520 1253 1576 1333 τήν
1611 1251 1701 1331 παρδ
1735 1255 1784 1312 σοὶ
1887 1289 1888 1293 =

194 1352 198 1436 Ι
222 1356 279 1416 νῦν
307 1352 421 1434 ταύτην
443 1355 536 1436 κενήν
564 1358 730 1435 μακαρίαν
763 1355 877 1437 καινήν
897 1356 1016 1434 τρόπον
1044 1358 1149 1435 ἕτερον
1178 1352 1322 1415 ἀνειπεῖν
1349 1359 1530 1433 μακαρίαν,
1556 1355 1641 1416 έπδν
1726 1355 1785 1419 49¹

188 1453 371 1535 ἁδροτέραις
391 1456 594 1534 βαλλαντίοις
615 1456 752 1536 ἐντύχοις
774 1463 828 1518 καὶ
850 1457 961 1520 πόλεσι
985 1462 1039 1518 καῖ
1060 1460 1159 1530 οἴκοις
1179 1455 1468 1538 εὐδαιμονεστέροις
1486 1460 1540 1516 καὶ
1555 1457 1682 1532 μείζοσι.
1727 1455 1784 1546 9τῇ

188 1555 225 1618 δὲ
255 1557 418 1620 Κλαυδίου
450 1558 493 1639 μή
525 1561 610 1622 πάνυ
642 1563 680 1620 τά
714 1563 769 1642 τῇς
800 1559 941 1641 ἀπορίας
970 1559 1114 1634 ὀνείδιζε,
1154 1559 1299 1642 ήμιξήρρτ
1328 1582 1396 1632 πως
1427 1559 1502 1646 οῦσῇ
1538 1565 1591 1620 καὶ
1619 1557 1784 1644 ῇμιθνήτῳ

188 1659 244 1722 διά
266 1661 299 1722 τδ
322 1663 375 1724 τοῦ
397 1664 549 1739 ποιμένος
579 1662 775 1743 ήμίτυφλον,
809 1662 852 1736 ῶς
884 1661 975 1736 αύτδς
1000 1667 1059 1724 εἴτε
1089 1661 1211 1735 παίζων
1242 1664 1301 1723 εἴτε
1334 1661 1414 1742 πρδς
1446 1659 1608 1744 ἀλήθειαν
1641 1664 1784 1744 γράφεις.

191 1764 218 1802 ¹⁰
227 1762 306 1843 τάχα
330 1762 367 1825 δέ
390 1785 453 1826 που
474 1768 529 1824 καὶ
549 1764 656 1826 τέλεον
677 1763 695 1847 ή
718 1765 925 1846 κακοδαίμων
958 1763 1222 1847 ἀποψυγήσεται,
1258 1764 1392 1826 έπειδάν
1420 1766 1440 1846 ἢ
1467 1769 1566 1846 γήρας
1598 1768 1785 1846 βαθύτερον

189 1868 210 1947 ἢ
231 1871 285 1927 καὶ
307 1877 406 1946 χεῖρες
428 1866 525 1929 άλλαι
549 1871 649 1946 σοφαὶ
670 1872 725 1948 τήν
748 1872 930 1949 θεραπείαν
951 1872 1003 1949 τῇς
1025 1866 1219 1950 ὀφθαλμίας
1244 1868 1323 1928 κατά
1350 1868 1407 1939 τάς
1436 1868 1565 1945 πρῶτας
1586 1868 1708 1941 ἐκείνας
1730 1872 1784 1928 καλ

188 1971 244 2031 τδν
265 1971 397 2049 ἕτερον*
421 1973 553 2045 σβέσωσι
576 1974 638 2031 τῶν
661 1970 851 2032 δεσποτικῶν
874 1970 1070 2051 ὀφθαλμῶν.
1117 1970 1188 2033 11σὺ
1209 1971 1237 2030 δ’
1261 1968 1312 2030 ἀεί
1333 1991 1388 2048 μοι
1417 1973 1544 2034 τοιαῦτα
1567 1971 1708 2047 λάμποις
1730 1975 1784 2031 καὶ

190 2074 328 2153 φαίνοις,
352 2071 369 2133 ὃ
392 2075 446 2152 τῇς
468 2072 628 2146 πολιτείας
649 2073 796 2154 λαμπρὸς
825 2079 879 2134 καὶ
909 2074 1040 2155 διαυγής
1067 2071 1256 2152 ὀφθαλμός,
1287 2077 1340 2133 καὶ
1368 2078 1423 2155 τήν
1443 2073 1672 2153 μεγαλόδωρον
1693 2084 1783 2153 χεῖρα

190 2179 243 2236 καὶ
266 2174 487 2248 πλουτοδόττν,
522 2176 551 2237 εί
574 2176 722 2250 δυνατόν,
746 2176 873 2255 έπέχοις
893 2172 1024 2255 μικρόν,
1053 2180 1108 2235 ίνα
1129 2177 1172 2256 μή
1195 2179 1258 2235 τῶν
1280 2176 1336 2239 δύο
1359 2176 1393 2237 τδ
1415 2179 1537 2255 ἕτερον,
1569 2176 1588 2257 ή
1617 2181 1784 2255 τυγχάνων

189 2277 292 2366 λυπῇς
313 2279 333 2359 ή
355 2313 397 2325 -
418 2280 451 2338 τδ
476 2276 684 2361 ἀντιστρέφον
706 2281 882 2359 σιγήσομαι,
907 2278 1016 2359 φειδοῖ
1035 2280 1089 2340 τοῦ
1111 2279 1315 2359 βλασφήμου.
1757 2261 1762 2269 ’

278 2383 374 2448 106.
398 2379 432 2453 ζ.
459 2381 625 2453 ι(ίλιλικοῖς
646 2404 677 2443 τε
700 2381 834 2454 δικαίοις
857 2386 910 2440 καὶ
926 2380 1057 2453 πολλοῖς
1071 2378 1187 2460 ἑτέροις
1202 2384 1407 2460 θαρροῦντες,
1430 2381 1473 2443 ἔτι
1495 2381 1531 2444 δὲ
1553 2387 1589 2471 τῇ
1611 2388 1664 2448 τοῦ
1686 2383 1783 2461 λόγου

189 2487 341 2562 κοινωνίᾳ
364 2485 566 2555 πιστεύοντες,
590 2483 796 2564 ἐβουλόμεθα
818 2488 878 2554 μέν
900 2504 949 2546 σοι
973 2483 977 2569 Ι
1003 2483 1137 2564 φιλικῶς
1159 2506 1187 2544 τι
1211 2487 1263 2543 καί
1285 2485 1487 2562 μέμψασθαι
1509 2491 1563 2546 καὶ
1585 2487 1640 2568 τήν
1725 2487 1784 2553 492

189 2586 327 2670 ἀφιλίαν
350 2586 597 2666 προσονειδίσαι,
621 2581 657 2667 ἧς
679 2586 708 2646 εἰ
730 2591 783 2646 καὶ
804 2586 905 2668 μηδὲν
926 2589 1048 2664 ἕτερον,
1077 2584 1150 2646 ἀλλ’
1174 2585 1226 2666 η’γε
1248 2584 1414 2668 τηλικαύτη
1442 2588 1577 2671 βαρύτης
1605 2590 1686 2669 πρδς
1713 2591 1783 2663 τοῦς

188 2692 349 2772 μετιόντας
372 2689 489 2753 αὐτόθι
509 2688 565 2771 τήν
585 2692 648 2750 τῶν
671 2687 826 2769 ἡμετέρων
845 2690 1032 2767 οἰκονομίαν
1051 2687 1193 2768 ἀψευδὲς
1208 2691 1336 2770 κατέστη
1356 2689 1538 2770 μαρτύριον,
1560 2688 1783 2770 εὐλαβούμενοι

189 2793 219 2856 δ’
242 2794 328 2872 ὅμως
350 2791 432 2855 αὐτά
453 2816 485 2855 τε
507 2798 603 2857 ταῦτα
627 2796 690 2872 πρὸ
714 2793 844 2853 πάντων
874 2791 915 2852 δι’
942 2791 965 2851 ἀ
997 2794 1134 2871 θαρρεῖν
1167 2791 1280 2869 ἔχομεν
1312 2791 1512 2873 ἐπιπλήττειν
1537 2798 1581 2877 τῷ
1609 2793 1781 2871 ἀδικοῦντι,

188 2900 242 2957 καλ
265 2898 391 2976 προσέτι
412 2902 468 2977 τήν
488 2895 647 2969 έξουσίαν,
670 2894 713 2967 ῶς
729 2895 771 2975 μή
790 2892 897 2973 μεῖζον
911 2892 993 2972 τάχα
1012 2898 1045 2954 τδ
1064 2897 1187 2972 τραῦμα
1203 2896 1392 2976 ποιήσαιμεν
1403 2893 1536 2972 ἑαυτοῖς,
1558 2898 1783 2974 έπιξαίνσντες,

186 3002 240 3063 τοῦ
260 3001 320 3078 μέν
342 2998 492 3075 έπιτιμᾶν
514 2996 718 3075 ἀπεχόμεθα,
745 3000 806 3059 κάν
829 2996 1033 3079 ἀληθέστατα
1057 2997 1188 3057 πόντων
1211 2993 1231 3081 ῇ
1252 2995 1288 3056 τά
1314 2996 1530 3076 θρυλούμενα,
1555 2998 1598 3073 ῶς
1614 2999 1724 3076 δεξιὰν
1746 3001 1782 3064 δὲ

186 3102 355 3182 μακρόθεν
383 3100 438 3182 τήν
466 3100 633 3182 έπιστολήν
660 3119 710 3162 σοι
739 3098 950 3179 ἐμβάλλομεν.
1005 3100 1082 3158 ’καῖ
1116 3096 1293 3180 ἀμνηστίαν
1324 3102 1384 3180 μέν
1413 3099 1518 3183 ῶσπερ
1546 3105 1608 3164 τῶν
1638 3101 1783 3185 ἀνιαρῶν

187 3195 494 3288 καταφηφιζόμεθα,
518 3205 683 3285 συνθήκας
705 3203 741 3264 δὲ
764 3199 921 3280 ἀσφαλεῖς
941 3199 1021 3281 ὑπέρ
1051 3204 1104 3263 τοῦ
1124 3201 1295 3280 μέλλοντος
1317 3201 1509 3284 πράττομεν,
1550 3210 1604 3266 καὶ
1624 3210 1663 3268 τά
1687 3207 1781 3270 πιστά

187 3311 264 3389 παρ’
287 3307 438 3389 ἀλλήλων
460 3307 669 3386 λαμβάνομεν
691 3305 760 3368 ίδοδ
785 3309 838 3363 καὶ
861 3301 1035 3382 διδόαμεν,
1067 3309 1116 3364 σοὶ
1137 3307 1196 3382 μέν
1218 3308 1273 3387 τήν
1294 3309 1356 3366 τῶν
1378 3309 1581 3387 φθασάντων
1603 3307 1783 3389 διόρθωσιν

187 3413 254 3476 ἔτι*
273 3416 326 3473 καὶ
345 3414 485 3474 τοιοῦτον
497 3415 626 3484 γέγονεν
639 3408 889 3489 έπισκήπτοντες,
913 3411 966 3466 καὶ
988 3408 1071 3485 πρός
1092 3430 1137 3482 γε,
1159 3411 1214 3489 τήν
1235 3407 1280 3479 ελς
1294 3406 1404 3481 αὐτοὺς
1416 3410 1555 3483 έκείνους
1568 3408 1780 3493 παλινῳδίαν,

186 3517 226 3596 ἢν
246 3517 289 3596 μή
314 3513 437 3589 λόγοις,
471 3512 544 3574 ἀλλ’
565 3513 668 3592 ἔργοις
698 3510 821 3597 η’χῶσπερ
850 3514 904 3570 καί
928 3515 965 3570 τά
997 3512 1124 3588 χείρονα
1153 3510 1289 3592 λέγεται)
1323 3515 1520 3585 καταξίωσον
1542 3512 1780 3588 ἐπιδείξασθαι,

186 3616 310 3690 ἑαυτοῖς
332 3616 361 3679 δ’
383 3616 606 3693 ἐπιβάλλοντες
621 3615 624 3700 y
637 3615 693 3695 τήν
713 3617 776 3675 τῶν
797 3610 906 3704 εὐχῶν.
920 3609 1053 3692 ύφειλήν
1067 3617 1120 3671 καὶ
1138 3611 1172 3672 τδ
1188 3613 1319 3692 χάριτας
1337 3616 1482 3676 τίσεσθαι
1504 3619 1556 3697 τής
1579 3619 1638 3677 θε-
1724 3616 1781 3680 50¹

186 3723 322 3801 ραπείας
345 3738 393 3782 σοι
417 3724 535 3801 ταύτης.
579 3713 644 3779 8ῶν
667 3723 720 3777 καὶ
742 3716 801 3797 ήδη
822 3719 953 3793 μετρίως
975 3714 1030 3775 διά
1051 3718 1105 3795 τῇς
1125 3720 1252 3797 γραφῆς
1274 3713 1504 3795 ἀπαρχόμεθα.
1537 3715 1555 3800 ή
1584 3718 1715 3800 ἀπαρχὴ
1745 3717 1782 3780 δὲ

184 3824 319 3906 τοιαύτη.
341 3820 357 3884 δ
380 3830 430 3904 τῇς
452 3821 579 3904 ἀγάπης
601 3821 719 3903 πατήρ,
751 3819 768 3900 ἦ
793 3819 923 3899 ἀγάπη,
956 3818 1024 3888 τοῦς
1052 3814 1132 3897 ὑπὲρ
1162 3817 1254 3900 αὐτῇς
1284 3837 1333 3879 σοι
1361 3821 1499 3897 μισθοὺς
1527 3820 1781 3901 μεγαλοπρεπεῖς

186 3926 345 4010 ἀντιδοίη,
381 3925 526 3999 δοξάζων
556 3929 615 4005 μέν
644 3943 677 3987 σε
708 3921 878 3986 κάνταῦθα
901 3927 982 3997 πρὸς
1004 3919 1101 3992 ἀξίαν
1123 3919 1166 3993 ῶς
1188 3922 1328 3996 δίκαιος,
1362 3920 1416 3983 ἅτε
1437 3928 1491 3983 καὶ
1513 3923 1724 4004 δοξαζόμενος
1745 3923 1782 3986 έν

185 4033 236 4092 σοί
257 4053 287 4091 τε
309 4033 363 4089 καί
385 4031 474 4109 παρὰ
498 4032 571 4102 σού,
606 4033 659 4087 καῖ
680 4029 756 4105 μετὰ
781 4031 837 4106 τήν
859 4025 1008 4087 έντεῦθεν
1030 4021 1065 4083 δὲ
1088 4023 1304 4106 μεταχῶρησιν
1325 4029 1367 4109 τῷ
1389 4029 1452 4086 τῶν
1473 4029 1611 4108 χαρίτων
1632 4030 1780 4114 στεφάνῳ

183 4132 240 4215 τήν
261 4131 414 4213 φιλτάτην
434 4131 505 4210 έμοῖ
526 4133 734 4208 κατακοσμῶν
757 4126 904 4207 κεφαλήν
926 4141 993 4187 σου.

276 4236 366 4300 107.
389 4257 417 4314 η.
452 4233 538 4295 ιΚαὶ
560 4238 650 4293 πᾶσα
672 4235 732 4310 μὲν
753 4228 880 4293 εὐποιία
911 4239 974 4300 τοῖς
1002 4229 1044 4308 μή
1075 4228 1162 4288 πάνυ
1185 4228 1320 4309 φαύλοις
1341 4231 1396 4312 τήν
1417 4229 1547 4313 γνώμην
1567 4233 1648 4314 μηδὲ
1669 4254 1781 4312 μικρο-

186 4335 302 4419 ψύχοις
322 4339 377 4398 τδν
399 4336 488 4398 ε’λεον
511 4336 630 4419 ήδονήν
653 4332 691 4399 οὐ
711 4336 840 4413 μετρίαν
863 4330 931 4391 οίδε
953 4331 1159 4410 χαρίζεσθαι,
1193 4337 1246 4392 καῖ
1267 4335 1336 4402 τούς
1359 4337 1528 4406 ποιοῦντας
1556 4332 1612 4411 οὐχ
1643 4329 1731 4415 ἦττον
1761 4337 1782 4417 ἢ

183 4444 253 4513 τσὺς
276 4439 456 4518 πάσχοντας
477 4443 618 4518 τέρπειν·
654 4441 745 4519 φύσει
768 4440 829 4514 γάρ
853 4432 912 4514 ήδῦ
932 4438 966 4494 τό
998 4435 1142 4507 καλόν*,
1176 4439 1230 4495 καί
1256 4436 1497 4518 συνδιατίθησιν
1518 4436 1598 4499 οῦτω
1620 4441 1675 4519 τήν
1697 4439 1781 4520 δνερ·

184 4545 303 4622 γοῦααν
326 4543 447 4626 ψυχήν·
485 4541 503 4626 ἦ
534 4547 613 4622 πρὸς
640 4545 710 4613 τοὺς
732 4538 842 4613 ἀξίους
864 4536 900 4597 δὲ
918 4536 1056 4612 μάλιστα
1078 4540 1131 4600 τοῦ
1154 4534 1286 4611 ἀγαθοῦ
1307 4541 1458 4600 κοινωνία
1479 4542 1628 4601 τοσοῦτον
1649 4535 1687 4603 εὐ
1709 4541 1780 4603 ἴσθι

186 4651 262 4730 παρ’
284 4649 353 4728 ἐμοὶ
375 4651 462 4735 κριτῇ
484 4649 699 4725 χαριέστερον,
733 4641 798 4725 ῦσφ
828 4646 882 4701 καῖ
903 4643 1095 4720 τιμιῶτερον.
1141 4640 1204 4714 2τίς
1235 4641 1264 4703 δ’
1294 4644 1337 4704 ἀν
1367 4640 1536 4721 ἀξιῶτερος
1564 4640 1669 4716 δόξειε
1700 4643 1781 4726 πρδς

255 4807 373 4860 9supra
396 4808 408 4856 ς
436 4789 662 4857 Παφλαγονδθιν.
693 4787 756 4840 erat
778 4783 914 4865 Κλαυδίου
939 4784 1016 4840 πόλις
1040 4782 1063 4836 εἰ
1093 4783 1428 4866 Hieroclin'Synecdemo
1450 4805 1481 4852 34
1504 4783 1587 4847 fides,
1608 4781 1779 4854 ὀνωριάδος

182 4862 247 4917 vide
265 4863 352 4917 otiam
371 4862 470 4915 Nilum
488 4858 692 4930 Doxopatrium
711 4858 783 4925 §247
800 4861 805 4923 Ι
823 4873 853 4907 το
871 4856 913 4906 τῖε
931 4856 1126 4923 apographum
1142 4861 1146 4919 Ι
1163 4875 1177 4907 τ
1195 4856 1409 4910 scnbendumne
1427 4857 1453 4909 εί
1467 4856 1509 4907 n?
1524 4859 1530 4922 Ι
1546 4875 1558 4909 1
1579 4854 1620 4910 0¹³
1640 4857 1734 4926 γνῶμη
