4560 6172
185 546 272 614 1⁸⁰
1704 549 1765 615 135

186 715 356 801 θεάμοσιν,
388 716 407 779 δ
433 737 465 778 τε
493 715 594 778 πάλιν
622 713 685 798 όι>ρ
712 717 768 800 τήν
790 719 903 780 πασῶν
932 719 990 780 νῦν
1021 713 1150 800 α’ρίστην
1178 718 1326 798 κέκραται
1355 723 1477 798 κρᾶσιν,
1508 718 1682 797 ζωογόνους
1706 723 1766 799 μὲν

185 820 288 900 αὔρας
310 827 361 882 καὶ
384 819 593 900 τελεσφόρους
614 819 807 894 ἄναδιδούς,
839 831 974 903 καρποίς
994 843 1025 882 τε
1047 823 1101 882 καί
1123 819 1214 905 ζηόοις
1235 818 1489 899 ἀναγκαιοτάτας
1512 829 1564 884 καί
1587 827 1764 906 σωτηρίους,

184 919 290 997 ῦετοῦς
320 923 355 986 δὲ
383 925 498 1007 ὡρίους
525 933 590 997 τοῖς
616 924 749 999 κόλποις
775 925 965 1004 ἐπιπέμπων
992 928 1045 1007 τῆς
1071 930 1141 1007 γῆς·
1179 922 1197 1006 ἦ
1225 923 1262 988 δέ
1288 928 1344 988 τόν
1372 924 1483 1008 ἐαοτής
1512 927 1630 1007 κόσμον
1658 928 1763 1007 ῶσπερ

183 1027 291 1110 νύμφη
314 1026 490 1108 φιλόκαλος
511 1029 638 1111 ὡραίοις
659 1029 854 1112 ἠμφιεσμένη
875 1026 964 1109 βρύει
985 1032 1046 1109 μὲν
1067 1033 1176 1110 φυτῶν
1197 1027 1327 1093 κάλλεσι
1349 1035 1463 1115 καρπῷ
1483 1033 1689 1113 βριθομένων
1711 1037 1764 1092 καὶ

184 1136 220 1217 τη·
243 1130 324 1218 κόμη
347 1135 409 1193 τῶν
431 1134 564 1215 φύλλων
586 1136 848 1210 κατεσεειιμένων,
869 1135 958 1212 βρύει
980 1131 1016 1194 δὲ
1039 1131 1168 1212 λειμῶσι
1190 1138 1243 1194 καὶ
1266 1133 1382 1197 ἄνθεσι
1404 1140 1458 1195 καί
1480 1133 1644 1218 πυκνότητι
1667 1138 1762 1209 πόας,

184 1237 319 1318 χλοερᾶς
338 1242 398 1318 μέν
420 1241 463 1301 ἔτι
485 1245 539 1300 καί
559 1239 721 1318 μαλακῆς,
755 1237 840 1316 ὅμως
869 1234 904 1298 δέ
934 1237 990 1318 τήν
1021 1235 1186 1319 δρεπάνην
1211 1235 1271 1320 ήδη
1300 1238 1567 1321 προκαλουμένης.
1613 1238 1762 1318 Ιῦστάχυς

186 1339 288 1414 αὖθις
308 1341 465 1416 ἐντεῦθεν,
491 1344 494 1430 ί
518 1342 630 1423 βότρυς
651 1340 753 1403 πάλιν
772 1340 908 1414 ἐκείθεν,
931 1335 949 1401 ό
970 1342 1030 1418 μέν
1052 1339 1129 1402 ὅσον
1150 1341 1241 1404 ούπω
1257 1343 1293 1429 τή
1305 1344 1385 1427 τομή
1399 1340 1617 1421 προσεγγίζων,
1686 1343 1763 1407 179²

186 1442 204 1510 ό
228 1444 264 1507 δὲ
292 1447 408 1526 μικρόν
437 1445 563 1524 ὕστερον
592 1446 839 1524 ὑπισχνούμενος
867 1447 964 1507 τοῦτο.
995 1443 1139 1524 όρνίθων
1165 1443 1220 1507 ἐπὶ
1251 1447 1368 1518 τούτοις
1399 1444 1483 1530 ηίδή,
1512 1445 1675 1534 τε[τ]τίγων
1703 1444 1762 1530 ήχή

185 1553 339 1631 μουσικήν
361 1548 487 1633 ήδίστην
508 1549 731 1630 ἁρμοζομένων
754 1552 806 1608 καὶ
827 1547 907 1630 μέλη
930 1546 1059 1622 ποικίλα
1081 1553 1135 1609 καί
1156 1548 1348 1611 παντοδαπά
1365 1549 1622 1630 προβαλλόντων.
1643 1547 1763 1629 βόμβος

186 1652 342 1732 μελισσῶν
363 1654 399 1715 ἐν
421 1654 567 1734 λειμῶσι,
598 1653 850 1732 περιίπταμένων
871 1654 908 1712 τό
931 1651 1021 1731 ἄνθη
1044 1657 1096 1712 καί
1117 1651 1321 1732 δρεπομέναν
1351 1657 1404 1715 καὶ
1432 1655 1487 1736 τήν
1507 1654 1623 1734 σεμνὴν
1643 1653 1680 1716 ἐν
1700 1664 1763 1726 τοίς

186 1755 329 1835 σίμβλοις
357 1758 512 1837 ἐργασίαν
540 1761 594 1820 τοῦ
623 1755 744 1833 μέλιτος
773 1755 1037 1835 ἐμπορευομένων
1065 1756 1224 1822 ἐντεῦθεν.
1257 1758 1347 1838 φωνή
1380 1759 1573 1837 σκιρτῶντων
1594 1760 1761 1835 ποιμνίων,

187 1861 278 1942 φωνή
299 1860 475 1938 βοοκολίων
496 1860 532 1922 ἐν
554 1870 666 1940 νομαῖς
688 1857 811 1932 όνέτοις
833 1864 886 1920 καί
907 1858 1110 1939 ἐλευθέραις,
1142 1857 1250 1940 α’ρνῶν
1271 1883 1302 1922 τε
1323 1870 1376 1922 καί
1396 1863 1523 1940 μόσχων
1552 1859 1612 1943 ήδύ
1640 1883 1668 1922 τι
1694 1871 1761 1933 ταῖς

186 1963 341 2046 μητράσιν
361 1960 621 2044 ύποσκαιρόντων
643 1968 695 2024 καί
716 1966 773 2033 τός
788 1961 893 2045 θηλός
914 1961 1164 2041 σπαρασσόντων
1186 1968 1239 2024 καί
1254 1964 1497 2026 κατατεινόντων
1518 1963 1564 2035 είς
1581 1961 1761 2046 θηλασμόν.

188 2067 354 2150 θαλάσσης
374 2067 477 2146 μόνον
498 2065 574 2150 ήμίν
595 2071 649 2127 καί
670 2071 731 2128 τῶν
753 2067 817 2128 ἐκεῖ
838 2065 945 2128 καλῶν
965 2065 1003 2131 οῦ
1022 2067 1124 2147 μετόν,
1155 2067 1260 2147 ῶσπερ
1290 2066 1392 2129 πάλιν
1422 2065 1495 2132 οῦδὲ
1516 2070 1577 2129 τῶν
1599 2067 1760 2142 ἐναντίων,

185 2171 221 2234 τό
243 2174 297 2236 τοῦ
318 2169 526 2252 ὑστερήματος
549 2171 778 2254 παραμύθιον·
811 2169 975 2253 η’πειρῶτις
1002 2173 1063 2254 γάρ
1086 2177 1140 2233 καί
1161 2170 1321 2250 μεσόγειος
1342 2171 1482 2244 ἐκτόπως
1507 2168 1524 2253 ή
1546 2169 1647 2253 χῶρα.
1677 2170 1760 2253 πλήν

185 2279 240 2335 καί
261 2278 357 2339 ταῦτα
380 2278 434 2356 την
458 2275 539 2353 ὄφιν
560 2273 677 2348 ἱκανῶς
698 2273 796 2353 ἑστιᾷ,
836 2270 954 2346 ἱκανῶς
975 2273 1139 2356 εὐφραίνει
1167 2276 1223 2358 τήν
1252 2273 1362 2355 α’κοήν.
1393 2273 1499 2335 πάντα
1520 2272 1685 2356 θυμηδίαν
1707 2279 1760 2337 καὶ

187 2382 302 2459 τέρψιν
323 2378 361 2443 οῦ
381 2381 435 2460 τήν
457 2380 611 2457 τυχοῦσαν
633 2380 780 2456 παρέχει·
812 2379 917 2439 πάντα
940 2376 1021 2457 πρδς
1042 2377 1145 2453 δόξαν
1166 2377 1354 2440 σοντελείται
1377 2377 1381 2461 fl
1406 2381 1486 2441 θεοῦ
1507 2381 1561 2440 τοῦ
1583 2379 1615 2439 τό
1683 2379 1760 2444 180¹

186 2485 253 2544 πᾶν
282 2485 390 2562 σοφῶς
423 2479 656 2563 ὑποστήσαντες
688 2485 741 2541 καί
770 2478 847 2545 οῦτω
879 2483 1069 2559 θαυμαάως
1099 2482 1409 2563 κατακοσμήσαντες,
1440 2481 1475 2553 ἐξ
1507 2476 1552 2542 ῶν
1584 2485 1760 2564 πανήγυρις

186 2584 223 2648 οῦ
246 2585 377 2666 φαύλως
399 2587 645 2668 συγκροτοομένη
667 2586 701 2648 τό
723 2583 897 2664 α’κρότατον
920 2589 1048 2667 φέρεται
1070 2588 1254 2666 περιφανῶς
1268 2584 1313 2657 είς
1328 2582 1543 2668 λαμπρότητα.
1589 2584 1759 2650 1’τοιοῦτον

187 2693 244 2754 νῦν
266 2688 354 2772 ήμῶν
375 2690 409 2753 τό
430 2690 615 2771 μυστήριον·
638 2695 784 2751 τοσοῦτον
804 2691 839 2751 τό
863 2693 977 2769 θαῦμα
993 2697 1045 2770 της
1060 2687 1179 2772 ἡμέρας
1193 2693 1246 2752 τοῦ
1261 2690 1462 2770 στεφανίτου·
1487 2687 1579 2762 οὕτως
1595 2689 1632 2752 ἐν
1646 2688 1759 2763 αῦλατς

184 2796 238 2856 τοῦ
260 2796 339 2858 θεοῦ
363 2793 549 2875 φαλμικῶς*
571 2792 588 2854 ὁ
611 2792 733 2865 δίκαιος
754 2790 939 2875 ἐξανθήσας
960 2793 1002 2865 ῶς
1025 2796 1149 2875 φοίνιξ,
1183 2788 1255 2855 ῶσεί
1283 2791 1410 2873 κέδρος*
1437 2790 1562 2875 ηὐξήθη
1584 2798 1637 2854 καὶ
1659 2793 1759 2877 ἐπλη-

184 2899 305 2980 θύνθη,
328 2899 383 2970 τάς
404 2895 526 2978 δωρεάς
546 2919 577 2958 τε
598 2900 678 2975 πρός
699 2896 845 2970 ἅπαντας
866 2897 1043 2979 πληθύνων
1064 2895 1122 2961 οῦκ
1142 2895 1312 2959 ἐπιλείπει·
1343 2901 1396 2959 καί
1426 2894 1519 2968 αύτδς
1547 2899 1623 2977 παρ’
1654 2893 1760 2970 αῦτοίς

184 3000 412 3083 ἐξηνθισμένος
432 2999 514 3063 οῦτω
536 3022 603 3073 πως
630 3037 664 3048 -
688 2998 909 3080 ἀγροικότερον
929 3002 1013 3075 ἴσως,
1037 3000 1103 3080 ἤτοι
1126 2998 1394 3082 διηνθισμένος-
1420 2996 1476 3061 οῦκ
1498 2999 1561 3072 όξω
1582 2998 1677 3077 λόγου
1700 3023 1759 3060 κα-

186 3101 294 3178 λείται,
316 3105 375 3165 εἴτε
397 3102 453 3166 διά
475 3105 508 3165 τδ
531 3101 677 3185 α’νθηρὸν
700 3109 752 3163 καὶ
773 3103 884 3183 χάριεν
905 3107 956 3184 τής
979 3102 1171 3184 προσόψεως
1203 3101 1335 3186 (ῶραίος
1362 3106 1423 3184 γάρ
1446 3101 1555 3166 κάλλει
1578 3107 1668 3186 παρά
1690 3107 1758 3177 τοῦς

185 3208 250 3270 κατ’
267 3205 361 3272 αὐτόν
381 3204 467 3281 υίοῦς
489 3209 568 3270 τῶν*
590 3205 780 3288 α’νθροόπων
801 3203 982 3287 ίστορείται*
1004 3209 1171 3291 γενέσθαι)
1192 3209 1251 3270 εἴτε
1272 3210 1327 3270 τόν
1349 3209 1461 3290 καιρόν
1483 3208 1758 3290 παραινιττόμενοι

183 3311 308 3390 μᾶλλον
329 3317 382 3373 καί
403 3313 458 3394 τήν
482 3315 539 3376 νῦν
560 3309 665 3393 ἄκμήν
685 3315 747 3372 τῶν
770 3309 914 3386 α’νθέων,
946 3309 1095 3374 ἐντεῦθεν
1116 3311 1243 3383 είκότως
1271 3313 1326 3374 τόν
1346 3321 1494 3388 γενναῖον
1515 3311 1758 3392 ἐπονομάζωσι.

183 3419 404 3498 προσειρήσθω
426 3413 482 3480 οῦν
502 3415 552 3478 ἐν(
573 3412 732 3497 αὐτῷκαὶ
754 3411 880 3497 ήόορτή
908 3412 1116 3494 α’νθοφόρια,
1148 3414 1252 3497 ῶσπερ
1275 3413 1335 3497 ήδη
1357 3413 1449 3496 παρά
1463 3433 1522 3477 τισι
1537 3421 1591 3477 καί
1606 3415 1757 3500 ροδισμδς

182 3522 283 3583 είτουν
306 3517 464 3598 ἄνθισμός
485 3519 738 3602 προσηγόρευται,
762 3516 766 3603 fl
790 3522 844 3578 καί
864 3516 1040 3598 τετιμήσθω
1062 3520 1104 3600 μή
1128 3519 1254 3597 μᾶλλον
1275 3529 1339 3591 τοῖς
1353 3518 1518 3601 αίσθητοίς
1538 3520 1612 3582 τοτ’-
1681 3523 1758 3587 180²

182 3648 244 3698 τοις
265 3627 326 3686 τῶν
348 3621 456 3703 ἄγρῶν
478 3625 614 3685 ἄνθεσιν
636 3625 656 3702 η“
676 3633 739 3695 τοῖς
762 3631 882 3702 νοητοίς
903 3644 934 3682 τε
956 3626 1010 3683 καί
1031 3624 1259 3703 τερπνοτέροις,
1294 3622 1374 3699 λέγω
1397 3622 1435 3704 δή
1458 3635 1522 3696 τοϊς
1543 3629 1604 3686 τῶν
1626 3625 1756 3706 ἀρετῶν,

181 3729 216 3803 έξ
237 3723 283 3790 ἄν
305 3725 340 3789 αί
362 3727 504 3808 φίλεργον
527 3731 630 3809 ψυχαί
658 3732 711 3789 καὶ
741 3725 910 3809 φιλόκαλοι
938 3728 992 3787 τόν
1019 3722 1129 3808 όληθή
1156 3725 1338 3806 γλυκασμδν
1366 3731 1420 3788 καί
1447 3733 1609 3810 φωτισμὸν
1630 3728 1758 3802 ἐαυταίς

182 3832 390 3915 φιλοπονούσι
415 3837 468 3893 καί
492 3830 745 3913 θησαυρίζουσιν,
775 3827 821 3903 οίς
852 3836 904 3890 καί
934 3828 951 3891 ό
981 3829 1154 3909 τιμιόμενος
1175 3825 1264 3903 οὗτος
1286 3829 1386 3894 πλέον
1406 3834 1507 3910 χαίρει
1530 3836 1583 3893 καί
1604 3835 1756 3907 γόννυται

181 4041 344 4120 συνεργός,
379 4038 455 4101 ῶστε
483 4039 609 4119 μᾶλλον
629 4039 755 4101 ἐκεῖθεν
777 4040 797 4120 η’
819 4038 969 4102 ἐντεῦθεν
998 4034 1073 4119 ήμτν
1096 4039 1308 4117 θεραπευτέος
1329 4037 1373 4111 είς
1395 4037 1549 4118 δύναμιν,
1582 4042 1612 4101 εἴ
1632 4064 1659 4100 τι
1678 4040 1756 4120 μέλ-

180 4144 305 4224 λοιμεν*
334 4143 427 4217 ἄξιον
456 4142 537 4222 πρός
564 4147 619 4225 τήν
647 4146 699 4205 τοῦ
727 4141 867 4223 μεγάλου
896 4137 988 4223 τιμήν
1016 4165 1046 4203 τε
1076 4146 1129 4202 καὶ
1160 4143 1292 4225 πομπήν
1321 4142 1486 4216 συντελεῖν,
1517 4142 1556 4225 ἢν
1577 4147 1645 4204 πᾶν
1665 4148 1755 4219 γένος

180 4247 263 4333 αύτῷ
285 4252 339 4309 καί
360 4251 450 4308 πᾶσα
472 4245 576 4326 ήλικία
600 4250 653 4306 καί
674 4248 748 4326 τύχη
771 4245 994 4325 λαμπροτάτην
1017 4247 1138 4324 ἄγομεν
1159 4251 1217 4309 νῦν
1238 4244 1305 4310 οἷον
1326 4246 1482 4309 ἐπινίκιόν
1496 4268 1566 4310 πνα
1582 4250 1754 4329 θρίαμβον,

177 4349 374 4426 ἐξελαύνονει
396 4351 532 4432 σήμερον
553 4351 696 4413 ἐνταῦθα
719 4353 772 4410 καί
786 4348 1014 4411 είσελαύνοντι·
1038 4348 1080 4422 ῶς
1096 4351 1137 4410 ἄν
1153 4355 1205 4410 καί
1223 4349 1382 4434 δημοσίοις
1397 4349 1549 4431 προόδοις
1566 4350 1583 4413 ό
1598 4350 1755 4426 γεννάδας

176 4455 341 4534 ἐνεαρίσας
361 4459 414 4515 καί
436 4465 500 4526 τοῖς
520 4454 564 4526 είς
585 4453 641 4535 τήν
661 4451 776 4518 τούτου
798 4454 903 4535 χαράν
924 4452 1136 4532 σονδραμοῦσι
1158 4457 1364 4535 πανταχόθεν
1386 4454 1487 4529 ἁγίοις
1508 4457 1756 4534 συμπομπεύσας

245 4746 274 4794 16
291 4741 383 4796 Ρεελεσ
401 4739 437 4793 (λα
457 4759 484 4807 13
501 4743 506 4806 Ι
523 4747 553 4794 16
572 4741 613 4796 0¹²¹
632 4744 717 4795 πόθεν
736 4741 750 4793 ὁ
770 4740 904 4811 ἄνθιτμός
922 4743 1091 4797 θέωόιιπιιιιό
1106 4752 1111 4810 Ι
1128 4749 1157 4797 16
1175 4761 1226 4814 pro
1245 4743 1336 4798 verbis
1352 4743 1413 4804 τούς
1431 4745 1487 4797 καί
1504 4744 1584 4798 αότὸν
1603 4746 1677 4806 υίοῦς
1694 4745 1752 4809 τῶν,

170 4812 300 4950 g‘uazg
314 4813 605 4938 sszffissaaeriwit’
630 4813 662 4868 0¹
690 4813 837 4881 aliquanto
861 4813 951 4868 minus
977 4815 1100 4871 habebat
1118 4816 1284 4870 Studemund
1299 4818 1303 4884 Ι
1320 4820 1349 4868 τό
1367 4815 1460 4871 Ρεελοι
1477 4817 1520 4888 μό
1536 4838 1548 4885 3
1565 4822 1571 4884 Ι
1589 4821 1617 4870 ι6
1634 4816 1675 4872 0¹¹²
1694 4818 1755 4887 περί
