4560 6172
350 549 410 612 126
1849 544 1935 611 179

342 714 512 799 κρατὺνων,
537 721 590 778 καὶ
612 713 801 786 ἀποδεικνὺς
822 713 1031 794 πανταχόθεν
1052 714 1107 797 τήν
1128 715 1174 788 τίς
1196 714 1292 778 αὐτόν
1314 719 1417 778 πίστιν
1430 714 1534 796 μόνην
1549 711 1682 796 ἀσφαλή
1698 718 1751 774 καλ
1767 712 1934 795 σωτήριον,

342 822 435 901 κενήν
457 822 504 903 (τό
519 824 572 884 τοῦ
586 819 697 904 λόγου)
722 818 865 898 ψάλλειν
875 819 968 901 έηόκει
980 825 1034 880 καλ
1044 820 1176 902 τυφλοῖς
1186 819 1325 884 έννεόειν
1346 822 1367 901 ή
1383 828 1505 900 κωφοίς
1520 814 1778 896 ὑποψιθυρίζειν.
1803 814 1931 877 2⁴¹antwe-

343 923 457 1004 στήσας
479 921 535 988 οὑν
556 922 671 985 ἑαυτόν
693 944 767 984 ποτε
791 929 846 983 καὶ
868 925 1058 997 συναγαγών
1085 925 1119 984 έκ
1146 927 1200 986 τοῦ
1223 927 1376 1001 θάμβους
1398 920 1416 984 ό
1440 920 1661 1002 φρενοβλαβὴς
1681 919 1801 991 έκετνος
1822 921 1935 998 ἀρχαιν

342 1031 396 1086 καλ
418 1023 603 1105 παραπλήξ,
626 1029 679 1085 καλ
700 1029 843 1105 γοητείαν
864 1029 924 1103 μὲν
939 1024 1102 1107 πρόδηλον
1122 1029 1157 1087 τδ
1181 1030 1295 1104 θαῦμα
1318 1023 1569 1106 συκοφαντήσας,
1594 1020 1689 1087 αὑτοῦ
1705 1020 1741 1083 δὲ
1756 1020 1932 1101 φείδεσθαι

343 1127 450 1200 ἄλλως
472 1129 573 1190 εἰπών
596 1126 639 1200 ὥς
661 1125 793 1202 ἀγαθοῦ
816 1126 1003 1205 στρατιώτου
1026 1134 1079 1188 καὶ
1100 1132 1251 1209 χρησίμου
1275 1128 1439 1205 πολλαχοῦ
1457 1134 1499 1209 τῳ·
1522 1125 1735 1206 στρατεόματι,
1758 1124 1876 1206 ἀφεσίν
1897 1144 1931 1184 τε

342 1238 393 1310 τῆς
415 1231 458 1292 ἔτι
481 1229 740 1311 περιλειπομένης
761 1229 939 1304 κολάσεως,
970 1231 1023 1292 έπλ
1045 1236 1079 1318 τῇ
1103 1232 1183 1292 κατά
1212 1235 1275 1292 τών
1301 1233 1389 1292 θεῶν
1418 1229 1560 1308 ἀπονοίᾳ
1583 1229 1587 1314 ή
1613 1226 1785 1308 κεφαλικής
1853 1224 1933 1290 163²

342 1335 377 1394 ἐκ
399 1337 461 1395 τών
483 1332 590 1410 νόμων
612 1331 785 1412 ὡρισμένης
807 1335 933 1414 καὶτῆς
955 1332 1096 1414 ἐσχάτης,
1119 1333 1238 1406 έδίδου,
1262 1338 1316 1393 καλ
1338 1336 1480 1412 παρῆγεν
1503 1331 1574 1407 άμα
1596 1334 1650 1393 τόν
1671 1331 1860 1409 γραμματέα
1883 1327 1930 1399 ελς

342 1438 450 1498 κοινόν
472 1435 525 1496 έπῐ
554 1430 648 1514 φόβῳ
679 1434 1007 1511 παραναγινώσκοντα
1036 1437 1091 1497 τόν
1119 1435 1299 1508 ποινάλιον,
1329 1437 1372 1497 ἔτι
1403 1433 1440 1495 δέ
1467 1455 1553 1505 τινας
1583 1431 1726 1509 μεγάλας
1755 1432 1847 1510 τιμάς
1875 1435 1932 1491 καί

344 1540 466 1616 δωρεάς
487 1535 663 1615 ὑπισχνεῖτο
686 1535 868 1615 ἀξιώματός
888 1560 919 1598 τε
942 1538 1161 1619 λαμπρότητα·
1185 1539 1229 1598 *τί
1249 1539 1311 1617 γάρ
1333 1532 1424 1608 οὗτος
1440 1537 1456 1597 ό
1474 1537 1576 1618 τήρων
1598 1535 1688 1618 (ἔφη)
1712 1537 1792 1613 πρός
1815 1531 1931 1612 ἀρετήν

343 1640 462 1721 ἀνδρὸς
483 1639 665 1721 τηλικαύτην
688 1645 744 1700 καλ
764 1645 832 1701 πᾶν
853 1643 884 1701 εἴ
903 1665 930 1702 τι
953 1641 1034 1703 ἀλλο
1056 1641 1214 1703 ποθεινόν
1229 1639 1421 1720 ἀνθρώποις
1436 1646 1490 1700 καὶ
1503 1638 1786 1718 περισπούδαστον,
1810 1638 1847 1696 τά
1870 1637 1931 1711 μὲν

343 1745 378 1806 ἐκ
399 1743 572 1821 βασιλέως*
594 1738 650 1804 οὐκ
672 1742 717 1814 τίς
735 1745 873 1822 μακράν,
896 1745 933 1804 τά
957 1742 993 1804 δὲ
1015 1749 1068 1804 καὶ
1092 1746 1223 1805 οἴκοθεν
1246 1743 1305 1824 ήδη
1328 1741 1599 1824 κατεπηγγέλλετο,
1632 1741 1733 1818 μόνον
1766 1739 1795 1799 εί
1815 1736 1931 1800 τούτων

342 1881 386 1893 -
406 1845 475 1905 ελπὲ
497 1847 560 1904 τῶν
583 1842 687 1924 λη’ρων
713 1881 749 1889 -
773 1842 915 1918 ἀποστάς
937 1851 991 1906 καλ
1014 1847 1236 1925 παυσάμενος,
1273 1844 1325 1907 οία
1359 1847 1484 1915 συνετός
1513 1842 1594 1924 ἀνήρ
1626 1847 1679 1903 καὶ
1708 1843 1854 1922 έχέφρων
1876 1844 1931 1900 καλ

343 1950 422 2008 κατὰ
446 1945 568 2016 παίδας
589 1945 633 2006 ἔτι
656 1945 778 2017 παίζειν
800 1947 857 2011 οὐκ
879 1949 1063 2030 έπιτήδειος,
1086 1951 1161 2027 μεθ’
1185 1949 1274 2028 ήμών
1296 1952 1415 2010 σαυτόν
1436 1950 1538 2021 τάξεις
1560 1944 1666 2025 ώσπερ
1689 1943 1743 2026 τήν
1766 1944 1931 2022 στρατείαν

344 2057 398 2112 καί
419 2053 474 2130 τήν
496 2050 671 2131 θρησκείαν
677 2075 690 2125 ,·
736 2047 814 2122 87ἀς
843 2048 912 2114 δ’ὁ
943 2055 1003 2130 μὲν
1032 2049 1128 2116 ταῦτα
1157 2052 1300 2114 πλείοσιν
1329 2050 1546 2130 δξεμυκτήρισε
1576 2048 1682 2123 λόγοις
1704 2051 1758 2107 καὶ
1779 2045 1931 2108 τελευτάν

344 2152 550 2226 κατεγέλασεν
571 2149 725 2212 ἁπάντων
746 2152 796 2213 ἐπ’
818 2155 885 2235 ἴσης
907 2159 960 2215 καὶ
983 2154 1079 2236 δῆλος
1101 2153 1139 2236 ἦν
1162 2155 1327 2234 φλυαρίαν
1350 2157 1402 2212 καὶ
1425 2151 1519 2215 οὐδὲν
1540 2151 1622 2212 α’λλο
1645 2151 1761 2229 κρίνων
1782 2149 1820 2210 τά
1844 2169 1928 2227 προ-

343 2253 508 2334 τεινόμενα
529 2288 574 2300 -
595 2253 699 2314 *πάνυ
720 2253 783 2333 γάρ
805 2255 920 2340 (είπεν)
942 2255 1076 2334 εὐτυχῶς
1098 2254 1351 2336 ἑμπορεόσομαι,
1381 2256 1460 2314 καθ’
1482 2254 1538 2329 ό,τι
1566 2253 1730 2337 σῴσαιμι)
1754 2251 1824 2329 ἔχω,
1848 2253 1929 2310 κατά

344 2361 430 2422 τοῦτο
453 2353 721 2434 συναπολόμενος,
744 2352 784 2418 ίν’
807 2357 880 2437 ὑμῖν
899 2362 933 2420 τό
950 2358 1140 2437 ὑμόγνωμον
1156 2357 1199 2431 ὠς
1214 2358 1338 2433 ἀξιοῦτε
1353 2360 1548 2436 χαρίσωμαι·
1572 2355 1644 2417 ἀλλ’
1659 2355 1688 2417 ελ
1705 2354 1709 2439 λ
1725 2357 1784 2433 μέν
1851 2353 1928 2417 164¹

346 2463 420 2538 νικᾷ
440 2462 478 2521 τά
501 2458 612 2537 βελτίω
634 2457 754 2543 (ώσπερ
777 2461 867 2539 οίμαι
890 2468 944 2521 καί
966 2461 1193 2544 δικαιότερον),
1225 2464 1254 2522 τί
1282 2462 1325 2542 μή
1356 2463 1514 2521 πείθεσθε
1543 2459 1670 2538 μᾶλλον
1693 2454 1782 2521 αὐτοὶ
1803 2459 1847 2538 τῷ
1869 2477 1930 2515 κα-

345 2563 449 2627 λοῦντι
470 2563 551 2640 πρός
572 2564 737 2642 σωτηρίαν,
760 2569 814 2624 καί
836 2566 925 2645 κοινή
946 2565 979 2625 τό
1003 2567 1168 2645 συμφέρον
1189 2562 1328 2634 ἅπαντες
1350 2567 1612 2644 συμφρονοῦμενς
1634 2562 1663 2622 εί
1685 2559 1713 2622 δ’
1735 2559 1811 2631 οὑν,
1834 2560 1862 2619 τί
1884 2557 1926 2637 μή

344 2662 439 2746 μόνοι
462 2662 680 2745 κληρονομείτε
702 2667 781 2726 καθ’
797 2664 927 2738 ἑαυτοὺς
940 2668 995 2747 τήν
1010 2665 1185 2741 ἀπώλειαν,
1208 2665 1279 2728 ἀλλ’
1293 2666 1338 2736 ελς
1352 2667 1387 2727 τό
1401 2664 1477 2727 αότδ
1504 2667 1679 2744 βάραθρον
1701 2662 1931 2736 συγκατασπᾶν

345 2771 399 2828 καὶ
421 2765 539 2837 ἀλλους
562 2765 765 2847 φιλονεικεῖτε
771 2795 783 2843 ,·
804 2774 981 2851 τοιγαροῦν,
1006 2767 1048 2842 ώς
1070 2769 1168 2851 φίλον
1190 2767 1266 2843 ὑμίν
1288 2769 1366 2830 έστί·
1390 2769 1469 2849 παρ’
1489 2767 1580 2850 ἡμῶν
1601 2766 1629 2828 δ’
1652 2763 1707 2828 οδκ
1723 2766 1766 2825 όν
1781 2760 1929 2842 εὕροισθε

345 2870 452 2933 τούτου
481 2868 580 2930 πλέον
610 2865 714 2932 οὐδέν.
760 2869 962 2952 28ἐπειδήπερ
992 2868 1010 2934 ὁ
1038 2872 1159 2954 μάρτυς
1181 2870 1280 2944 αὖθις
1301 2875 1445 2944 τοιαῦτα,
1475 2870 1663 2950 μεταβαλών
1685 2868 1804 2937 έκετνος
1826 2863 1928 2927 πάλιν

345 2971 476 3054 ήπείλτι,
499 2975 552 3031 καλ
575 2971 676 3033 πάλιν
696 2973 741 3045 ελς
761 2977 860 3052 μέσον
881 2971 917 3035 αἱ
938 2980 1049 3037 ποιναὶ
1070 2979 1125 3035 καὶ
1146 2976 1184 3034 τά
1207 2975 1400 3056 κολαστήρια
1423 2978 1477 3034 καὶ
1499 2976 1608 3034 κατιών
1627 2970 1718 3032 ἀπαν
1733 2968 1827 3043 είδος,
1851 2969 1932 3049 πρός

346 3075 428 3156 άπερ
459 3072 683 3155 ἀπαθέσιερον
711 3074 754 3136 ἔτι
776 3081 829 3136 καὶ
850 3077 1068 3157 γενναιότερον
1089 3080 1143 3140 τοὺ
1174 3074 1361 3155 ἀδάμαντος
1392 3075 1514 3137 έκείνου
1542 3074 1742 3152 διακειμένου
1772 3077 1826 3132 καὶ
1854 3072 1931 3152 μήτε

345 3187 410 3249 τοῖς
430 3175 668 3256 μαλακωτέροις
688 3174 894 3251 ὑποδιδόντος
914 3180 991 3261 μήτε
1014 3183 1220 3259 θραυομένου
1241 3189 1305 3250 τοῖς
1326 3179 1552 3260 σκληροτέροις,
1575 3174 1659 3238 ἀλλά
1676 3179 1825 3254 μένοντος
1847 3172 1930 3246 όλως

347 3279 504 3362 ἀτρέπτου
525 3286 579 3338 καὶ
600 3277 749 3361 ἀκινήτου
772 3286 826 3341 καλ
848 3284 928 3363 πρὸς
949 3287 1060 3344 πᾶσαν
1082 3285 1194 3362 πείρας
1224 3280 1317 3342 λδέαν
1347 3279 1514 3341 ἀναλώτου
1544 3282 1731 3350 συνεστῶτος
1759 3282 1813 3337 καλ
1843 3274 1931 3354 ἀχει-

347 3384 458 3463 ρώτου,
481 3379 548 3464 όψέ
571 3403 644 3444 ποτε
666 3388 720 3442 καλ
741 3384 834 3460 μόλις
862 3392 917 3466 τήν
947 3385 1124 3466 μεταβολήν
1154 3385 1360 3446 παντάπασιν
1390 3381 1551 3456 ἀπογνοὺς
1580 3379 1597 3443 ό
1627 3384 1790 3461 βάρβαρος
1812 3381 1932 3451 έκείνος

346 3492 401 3547 καὶ
424 3484 605 3568 θηριώδης,
639 3483 698 3566 ήδη
727 3486 763 3546 δέ
793 3493 845 3548 καὶ
875 3488 994 3561 ἀλλους
1023 3487 1109 3568 ὁρών
1130 3485 1413 3568 ὑποκεκινημένους
1434 3485 1513 3564 πρός
1541 3488 1575 3546 τό
1597 3486 1777 3564 γενόμενον,
1814 3486 1932 3565 ψῆφον

346 3590 474 3671 έκφέρει
505 3591 583 3649 κατά
613 3591 667 3650 τοῦ
697 3587 790 3664 ἁγίου
814 3590 817 3675 η
844 3593 1086 3674 θανατηφόρον,
1108 3595 1163 3652 ίνα
1186 3594 1306 3651 θᾶττον
1328 3588 1386 3670 (ὡς
1407 3587 1524 3668 ἔοικεν)
1556 3586 1788 3663 ἀνταγωνιστοῦ
1854 3586 1932 3650 164²

346 3692 486 3755 τοιούτου
508 3690 636 3770 ἀμάχου
658 3691 772 3754 ἑαυτόν
794 3693 979 3781 ἀπαλλάξη.
1024 3691 1116 3772 29οὐχ
1138 3693 1235 3764 οὑτως
1256 3691 1287 3754 ολ
1309 3691 1496 3768 δοξομανεῖς
1518 3697 1571 3751 καὶ
1594 3690 1747 3772 φίλαρχοι
1766 3692 1932 3769 χαίρουσιν

345 3796 391 3868 είς
412 3793 566 3857 ὑπατείαν
588 3797 608 3876 ἢ
629 3800 816 3877 στρατηγίαν
832 3797 868 3859 έν
884 3796 1096 3877 ἀρχαιρεσίοις
1112 3794 1358 3875 ὀνομασθέντες,
1382 3791 1424 3866 ώς
1446 3789 1534 3866 οὗτος
1556 3792 1724 3874 ὑΧριστοὺ
1746 3792 1932 3875 στρατιώτης

347 3897 449 3979 ήδέως
469 3902 524 3978 τήν
546 3899 654 3978 πυράν
676 3899 740 3960 τότε
763 3900 890 3981 ήκουσε·
924 3898 1038 3980 ταύτην
1059 3902 1121 3979 γάρ
1143 3901 1332 3980 κατεκρίθη,
1362 3895 1439 3975 μετά
1470 3900 1658 3975 θαυμασίας
1680 3900 1751 3968 οίας
1771 3899 1824 3977 τῆς
1845 3895 1931 3956 ἀπο-

347 4002 475 4083 φάσεως
501 4003 556 4083 Τηῖ
578 3998 632 4061 διά
657 4001 758 4081 πυρός
780 4003 904 4089 (φησίν)
927 4002 1117 4084 ἀσεβήσαντι
1140 3999 1381 4083 πρεπωδεστάτη
1404 4000 1475 4083 δίκη
1496 4001 1530 4062 τό
1553 4005 1626 4079 πῦρ,
1648 4001 1688 4061 ἵν’
1704 3998 1843 4063 αὐτόθεν
1865 3999 1931 4077 ὄχοι

347 4104 401 4184 τήν
423 4101 663 4166 ταὺτοπάθειαν
684 4103 700 4165 ο“
724 4104 900 4186 έμπρηστής
920 4106 1127 4188 έμπρησθείς.
1149 4104 1294 4182 ἀσμένως
1316 4101 1372 4168 οὑν
1393 4102 1410 4165 ό
1433 4102 1603 4175 κατάδικος
1624 4101 1739 4183 ὑπέστη
1762 4102 1817 4183 τήν
1833 4124 1933 4163 κατα-

348 4206 448 4288 δίκην,
471 4212 525 4266 καὶ
547 4205 587 4287 δή
608 4229 636 4268 τι
656 4208 771 4287 μικρδν
793 4209 1070 4290 παραιτησάμενος
1098 4210 1167 4280 τοὺς
1196 4205 1401 4282 ἀπάγοντας,
1434 4206 1554 4288 ἀπέστη
1586 4211 1640 4266 καλ
1668 4205 1738 4287 ἔστη
1767 4208 1823 4265 καὶ
1852 4204 1933 4285 πρδς

347 4307 504 4389 οὑρανοὺς
525 4304 580 4389 ἦρε
601 4319 717 4388 χεῖρας,
741 4315 912 4392 περιχαρής
933 4309 1009 4383 όλος
1030 4313 1075 4372 ών
1097 4317 1151 4371 καλ
1163 4313 1273 4389 μεστός
1288 4308 1429 4372 ἐλπίδων
1444 4306 1632 4380 ἀθανασίας
1656 4306 1804 4387 30*Κύριε
1819 4303 1837 4368 ό
1855 4306 1935 4378 θεός

346 4431 426 4490 μου,
459 4409 585 4485 δοξάσω
612 4431 646 4473 σε
669 4411 804 4498 (μεγάλη
827 4419 881 4475 καὶ
903 4414 1038 4493 λαμπρᾷ
1059 4417 1146 4494 βοών
1167 4417 1203 4502 τῇ
1226 4411 1352 4499 φωνή),
1384 4409 1514 4492 ὑμνήσω
1536 4412 1569 4472 τό
1594 4410 1699 4489 ὄνομά
1720 4429 1794 4485 σου,
1826 4407 1872 4471 ότι
1892 4431 1932 4489 με

348 4513 484 4587 δοξάσαι
506 4514 644 4595 ήξίωσας
664 4519 701 4603 τή
725 4519 876 4593 κοινωνίᾳ
897 4516 992 4602 ταὺτη
1007 4521 1070 4578 τών
1085 4520 1292 4599 παθημάτων
1308 4534 1375 4589 σου,
1399 4514 1445 4576 ότι
1462 4508 1584 4585 τούτοις
1600 4513 1765 4591 ένίσχυσας
1779 4517 1833 4576 τοῦ
1849 4511 1934 4574 ἀντι-

347 4620 452 4679 πάλου
475 4621 627 4699 κρατήσαι
648 4615 694 4689 οἷς
716 4616 808 4691 αὑτός
829 4623 883 4680 τόν
906 4620 1026 4699 κόσμον
1049 4624 1229 4702 νενίκηκας,
1261 4621 1298 4704 τῇ
1328 4622 1420 4696 σαρκὶ
1449 4621 1509 4695 μέν
1539 4617 1573 4677 τό
1595 4614 1707 4689 πάθος
1730 4616 1868 4688 ὑποστάς
1890 4615 1934 4686 ὥς

346 4717 541 4805 εόδόκηΙσας,
563 4724 599 4808 τή
622 4720 756 4800 δυνάμει
779 4720 815 4782 δὲ
836 4726 888 4801 τῆς
911 4722 1060 4805 θεότητος
1084 4719 1316 4796 κατεξαναστάς
1336 4721 1399 4779 τών
1420 4719 1551 4801 έχθρών
1571 4737 1643 4780 σου·
1672 4721 1752 4800 πρός
1773 4720 1791 4780 ὃ
1858 4718 1937 4782 165²

418 4845 449 4893 τί
473 4838 486 4890 ό
504 4839 597 4906 ἄρχων
617 4841 650 4896 0¹
669 4842 699 4896 in
718 4842 845 4912 margine
862 4845 866 4909 Ι
882 4849 913 4897 26
930 4846 1058 4911 βαλιλεως
1075 4841 1289 4913 apographum!
1306 4858 1335 4906 27
1355 4839 1369 4891 ό
1387 4839 1465 4910 ἅγιος
1483 4839 1517 4894 0¹
1535 4841 1565 4894 in
1585 4858 1665 4909 marg
1680 4847 1684 4906 Ι
1701 4859 1732 4907 30
1750 4840 1792 4895 0¹¹¹
1811 4839 1825 4903 ἦ
1844 4837 1906 4910 εόγή
