4560 6172
262 722 350 800 οὗτος
370 764 413 774 -
435 728 464 789 τί
484 728 526 808 μη
548 724 678 805 τάχιστα
699 726 857 804 συντεμών
878 724 958 803 λέγω
965 753 978 804 ,·

259 830 402 911 ἔμψυχος
423 828 517 891 εῑκιὺν
539 827 650 912 α’ρετῆς
670 826 709 910 η’ν
731 834 784 889 καὶ
805 829 908 903 τύπος,

260 938 313 995 καί
335 944 399 1006 τοῖς
420 932 531 1005 καλοῖς
553 933 654 995 άπασι
678 937 846 1014 πρωτεύων
865 935 964 1012 μόνος

258 1040 313 1120 την
336 1037 446 1120 κλῆσιν
467 1035 636 1118 έκράτυνεν
657 1035 691 1097 ἐκ
715 1038 776 1098 τόν
798 1037 1002 1119 πραγμάτων.

194 1141 238 1205 40
258 1144 312 1203 καὶ
333 1143 429 1205 ταῦτα
451 1143 511 1218 μέν
532 1142 620 1219 χθές.
644 1142 701 1202 νῦν
722 1138 758 1201 όὲ
780 1143 807 1201 τί
813 1168 825 1217 ,·
847 1143 937 1213 σκιάς
959 1140 1050 1222 ὄναρ.

257 1247 295 1309 τά
319 1245 426 1308 πάντα
449 1245 588 1327 φροῦόα,
611 1244 717 1307 πάντα
740 1246 854 1327 φάσμα
877 1243 1065 1327 φασμάτων,

207 1422 211 1428 .
260 1351 413 1432 φανέντι
435 1351 550 1430 μικρόν
570 1354 623 1410 καὶ
645 1348 814 1429 παρελθόν
835 1347 957 1411 αὐτίκα.

260 1453 299 1540 1η
319 1453 446 1533 μᾶλλον
466 1454 578 1528 είπείν,
601 1456 696 1515 ταῦτα
718 1457 777 1534 μὲν
800 1451 835 1540 ζῇ
856 1458 910 1514 καὶ
932 1450 1047 1516 πάλιν·

259 1556 296 1620 οὑ
316 1561 378 1639 γάρ
402 1560 544 1639 πέφυκεν
566 1556 658 1641 άρετη
683 1555 834 1640 θνήσκειν
857 1556 950 1631 ὅλως.

195 1662 238 1728 45
261 1662 321 1740 ἔχει
345 1660 381 1723 δὲ
405 1664 458 1724 τόν
479 1665 555 1740 χοῦν
578 1662 597 1744 η’
621 1662 736 1744 φθορά
759 1660 860 1723 πάλιν
878 1651 981 1740 μόνον

259 1765 319 1849 ἀφ’
341 1761 376 1848 ἧς
396 1765 510 1849 ὑπέστη
532 1770 585 1827 καὶ
608 1766 687 1844 πρὸς
709 1765 748 1848 ἣν
769 1761 966 1847 ὑποστρέφει.

261 1867 316 1931 οὑκ
340 1865 396 1932 οὑν
417 1891 445 1930 τι
468 1867 582 1930 δεινόν.
595 1869 684 1948 ἔσχεν
705 1864 722 1929 ὑ
746 1871 867 1948 κρυβείς
889 1870 992 1951 τάφῳ,

261 1971 332 2034 ἄλλ’
356 1968 372 2034 ὑ
397 1976 556 2055 στερηθείς
577 1976 630 2037 τοῦ
652 1973 752 2035 καλοῦ
774 1971 882 2036 τούτου
904 1975 983 2050 βίος,

261 2079 400 2139 τοιοῦτον
422 2074 515 2137 οῦδὲν
537 2076 618 2138 ἄλλο
641 2099 667 2137 τι
689 2075 819 2154 βλέπειν
840 2074 929 2155 ἔχων,

195 2179 238 2244 50
260 2181 395 2255 καίτοιγε
419 2177 549 2240 πολλῶν
571 2180 641 2259 άρτι
663 2175 784 2263 χρῄζων
805 2178 940 2253 εἰκότως,

261 2282 511 2363 ἐπικρατούντων
532 2285 695 2360 πανταχοῦ
715 2285 777 2344 τόν
798 2283 958 2362 χειρόνων.

264 2387 346 2448 ὅθεν
367 2389 399 2447 τό
423 2390 556 2468 πράγμα
579 2389 702 2458 πένθος
724 2385 842 2468 ἡγεῖται
863 2388 956 2465 μέγα,

261 2493 315 2550 καὶ
336 2490 391 2551 τόν
413 2489 561 2552 θανόντα
580 2489 726 2551 κόπτεται
747 2493 801 2550 καὶ
823 2490 960 2572 δακρύει,

263 2591 356 2666 είόοίς
376 2597 520 2676 μεγίστην
543 2594 581 2677 ἢν
602 2592 717 2675 ὑπέστη
740 2592 861 2672 ζημίαν.

177 2802 244 2869 87.
262 2798 455 2879 Ἐπιτύμβιοι
476 2799 521 2874 εἷς
542 2797 597 2863 τόν
617 2798 852 2882 χαρτοφύλακα.

220 2907 237 2969 1
263 2908 414 2979 Πένθους
436 2901 453 2966 ὑ
476 2903 605 2985 καιρός·
627 2907 795 2985 συμφοράς
815 2905 849 2966 τό
871 2906 1002 2986 χωρίον·

260 3013 315 3070 καὶ
336 3007 542 3087 δυστυχοῦσιν
564 3005 658 3088 α’ρετη’
679 3029 710 3069 τε
731 3010 785 3068 καί
806 3006 913 3083 λόγοι·

262 3116 296 3176 τό
319 3116 412 3196 σφῶν
432 3113 493 3193 γάρ
516 3109 621 3184 αὑτοῖς
642 3113 758 3190 οἴχεται
778 3112 861 3191 μέγα
883 3108 1007 3194 κρότος,

263 3215 323 3301 ἤδη
346 3219 497 3289 πεσόντος
518 3213 575 3300 (ὡς
597 3213 689 3300 ὁρᾷς)
704 3213 864 3291 Ἰωάννου,

218 3318 406 3387 5Ἰωάννου
428 3318 577 3391 πεσόντος
599 3319 712 3402 (οἴμοι)
735 3323 790 3383 τοῦ
813 3317 911 3382 πάνυ.

263 3422 289 3486 τό
310 3423 437 3503 καρδία,
460 3425 600 3505 σείσθητι
622 3426 676 3483 καί
698 3422 880 3505 θραύσθητί
899 3442 965 3501 μοι,

262 3528 449 3609 πλητιοντος
471 3526 549 3588 οὑτω
573 3529 700 3607 καιρίαν
723 3543 756 3588 σε
777 3529 831 3591 τοῦ
852 3523 958 3599 λόγου.

262 3630 343 3714 άνηρ
367 3634 467 3713 σοφός
488 3634 657 3712 τέθνηκεν·
680 3632 706 3691 τό
725 3633 777 3713 τῆς
799 3629 917 3712 ζημίας.

263 3736 344 3819 α’νηρ
367 3734 499 3808 δίκαιος,
520 3732 668 3815 εὐλαβής·
692 3736 752 3817 φεῦ
773 3735 827 3799 τοῦ
848 3733 988 3806 πάθους.

199 3837 280 3906 1οὑ
303 3838 523 3921 χαρτοφόλαξ·
547 3840 573 3899 τό
593 3844 731 3915 στυγνῶν
752 3835 970 3916 α’κουσμάτων.

265 3942 282 4006 ό
305 3942 518 4024 χαρτοφὺλαξ,
542 3938 579 4007 οὑ
600 3946 633 4003 τό
657 3946 732 4022 πρὶν
753 3944 834 4022 μέγα
857 3940 956 4014 κλέος,

266 4047 317 4134 Ιτό
342 4052 395 4108 καὶ
416 4047 494 4126 πρὸς
516 4044 611 4110 αὑτόν
631 4044 768 4126 ούρανόν
789 4048 890 4129 τρίτον
913 4042 1048 4127 φθάνον

264 4156 317 4214 καὶ
339 4151 393 4234 τὴν
415 4151 550 4229 ἄπειρον
570 4152 629 4232 γῆν
651 4148 728 4231 όλην
751 4153 939 4231 περιτρέχον,

262 4255 292 4318 εί
312 4261 365 4317 καί
386 4259 500 4335 βραχεῖ
519 4257 576 4318 νῦν
598 4252 841 4330 συγκαλύπτεται
862 4254 964 4338 τάφῳ.

201 4360 242 4426 15
263 4362 367 4442 τάφος
387 4366 449 4439 γάρ
472 4356 567 4423 αὑτόν
589 4359 676 4436 ἔσχεν
698 4354 740 4432 ὡς
763 4362 891 4442 θνητῶν
912 4360 980 4431 ἕνα,

263 4466 324 4526 κόν
346 4461 402 4528 οὑκ
424 4462 514 4547 έςόκει
538 4462 591 4545 την
614 4462 708 4545 φύσιν
731 4465 850 4546 θνητὴν
873 4464 963 4542 ἔχειν,

262 4571 404 4650 βροντῶν
425 4571 484 4647 μὲν
507 4568 611 4647 ὥσπερ
633 4567 668 4629 έκ
690 4572 798 4650 νεφόν
819 4569 855 4630 έν
875 4578 939 4640 τοϊς
961 4565 1078 4644 λόγοις,

264 4674 365 4754 ἔργων
387 4673 422 4734 όλ
444 4671 661 4755 λαμπρότησιν
683 4671 871 4753 ἀστράπτων
892 4669 1003 4746 πάλιν,

263 4781 317 4838 καί
338 4782 418 4859 πρός
441 4779 520 4838 θεοῦ
540 4779 669 4859 μίμησιν
692 4775 914 4859 ἤκριβωμένος,

199 4882 242 4947 20
263 4883 408 4945 τοσοῦτον
429 4878 513 4965 ἡμᾶς
534 4881 603 4954 τοὺς
625 4884 725 4962 χαμαί
747 4880 865 4944 λείπων
886 4876 982 4956 κάτω,

1550 1167 1582 1213 40
1623 1148 1758 1203 Pindarus

1577 1219 1651 1288 Pyth
1668 1238 1684 1284 ι
1702 1238 1730 1288 τε
1749 1291 1755 1302 ,

1552 1290 1758 1359 TyMommsenl

1586 1775 1617 1834 4⁶
1641 1769 1755 1825 Genesis

1587 1860 1611 1908 ί,
1630 1859 1659 1909 19
1714 1870 1716 1877 ·
