4560 6172
312 596 319 621 ⁴
343 526 405 589 ιω
805 542 809 555 =
1846 518 1939 585 ιειι

342 699 377 758 σέ
399 699 453 757 καί
474 697 512 754 τά
535 689 613 772 ύπέρ
636 691 671 751 σέ
693 725 734 733 -—
757 686 887 749 πολλῶν
910 688 1019 760 ὄντων,
1054 687 1109 768 τῆν
1138 683 1316 767 ἁλουργίδα
1344 687 1445 765 μόνον
1475 686 1699 769 περιΙσκοπεῖς,
1732 687 1785 744 καί
1851 685 1934 750 258ι

340 802 421 878 πρός
447 798 481 858 τό
514 792 656 876 διάδημα
686 791 836 872 κέχηνας,
871 794 926 851 καὶ
956 791 1064 871 άρχων
1091 788 1256 870 άρχόντων
1284 787 1369 870 ἡμῖν,
1405 786 1588 865 ὦγενναῖε,
1611 792 1664 848 καί
1685 785 1791 867 κύριος
1812 790 1934 866 κυρίων

341 900 497 986 προθυμῆ
519 899 709 978 καταστῆναι
714 923 727 973 ,·
749 892 792 966 ιῦς
813 897 957 966 νεανικὸς
980 893 1077 963 ύντως
1098 896 1136 953 σύ
1160 894 1214 953 καί
1238 895 1425 973 θαυμαστός
1445 893 1500 974 τῆν
1521 890 1643 972 τόλμαν
1665 894 1719 950 καί
1739 891 1795 971 τῆν
1817 887 1932 974 δρμῆν,

339 1007 429 1084 εἴπερ
449 1000 558 1081 ἔμελλε
581 997 709 1071 πάντως
731 1006 909 1078 προχωρεῖν
931 1014 979 1057 σοι
1002 995 1035 1056 τό
1057 993 1218 1077 βούλημα·
1250 998 1307 1060 νῦν
1329 995 1365 1057 δέ
1388 995 1476 1068 σύνες
1498 994 1605 1077 ῆλίκος
1625 990 1643 1056 6
1666 996 1721 1056 τοῦ
1744 996 1934 1076 πράγματος

340 1105 451 1190 φόβος.

431 1207 578 1287 18μέγαν,
602 1207 770 1286 ἄνθρωπε,
791 1203 887 1283 κύβον
909 1200 1093 1283 άναρρῖφαι
1117 1200 1220 1285 ζητεῖς.
1248 1205 1320 1282 περὶ
1343 1205 1447 1285 ψυχῆς
1470 1199 1565 1283 αῦτῆς
1586 1199 1604 1264 6
1626 1199 1715 1277 άγιόν
1738 1217 1796 1263 σοι.
1827 1198 1933 1272 δεινός

342 1311 359 1376 6
391 1311 547 1382 κίνδυνος.
582 1309 721 1390 φοβερὸν
750 1308 783 1368 τό
814 1304 992 1388 ἐγχείρημα.
1025 1305 1106 1366 κατά
1136 1306 1241 1388 ξιφῶν
1272 1308 1429 1384 κυβιστᾷς.
1462 1302 1542 1386 ύπέρ
1578 1305 1754 1386 βαράθρου
1792 1307 1930 1381 σκιρτᾷς.

341 1414 458 1496 μεταξύ
484 1413 562 1494 ζωῆς
584 1415 637 1472 καὶ
661 1409 809 1473 θανάτου
832 1408 887 1470 διδ
911 1411 1017 1471 στενοῦ
1039 1408 1126 1470 πάνυ
1148 1410 1273 1491 τρέχεις.
1295 1408 1434 1487 ἐπίσχες,
1463 1404 1489 1469 δ
1509 1407 1628 1470 τάλαν·
1652 1417 1710 1470 ποῖ
1730 1409 1806 1470 ποτέ
1828 1409 1911 1492 φέρῃ
1918 1435 1931 1485 ,·

340 1520 481 1597 ἐπίσχες,
514 1518 603 1595 εἴπερ
630 1535 656 1576 τι
685 1517 739 1574 καί
769 1514 872 1592 βραχύ
898 1521 1083 1592 σωφρονεῖς.
1117 1509 1199 1593 φύγε
1222 1513 1274 1573 τόν
1295 1509 1491 1593 ἐπίκρημνον
1520 1510 1668 1575 όλισθον.
1697 1512 1777 1594 φύγε
1799 1513 1932 1573 κοντοῦ

340 1623 508 1703 πτιόμακος
530 1618 679 1698 ὄλεθρον.
709 1625 817 1698 φεῖσαι
839 1617 902 1677 τάν
930 1612 1071 1676 α’πίστων
1097 1612 1248 1677 ἐλπίδων.
1277 1615 1401 1690 λόγισαι
1430 1618 1464 1677 τό
1486 1613 1605 1695 μέλλον
1627 1611 1670 1689 ιύς
1691 1616 1749 1679 ούκ
1771 1615 1932 1695 ἐχέγγυον.

341 1725 579 1808 ἀμφοτέρωθεν
600 1738 648 1782 σοι
671 1718 778 1781 δεινόν
799 1721 851 1800 τῆς
873 1716 1025 1798 ἐπιβολῆς
1046 1718 1079 1779 τό
1102 1717 1309 1799 παράβολον·
1333 1719 1375 1779 δν
1396 1721 1457 1795 μὲν
1478 1718 1702 1807 κατορθιόσῃς,
1727 1718 1879 1801 αίσχρόν,
1901 1719 1932 1780 ελ

342 1833 396 1891 καί
418 1827 507 1890 δοκεῖ
528 1848 596 1897 πως
619 1821 690 1906 ῆδύ·
715 1819 887 1902 τυραννίδα
908 1819 970 1900 γάρ
993 1822 1174 1900 κατορθοῖς,
1199 1821 1234 1883 τό
1257 1823 1357 1883 πᾶσιν
1379 1818 1570 1900 α’νθριόποις
1595 1857 1629 1868 -
1658 1830 1721 1896 τοῖς
1741 1845 1771 1884 τε
1795 1826 1855 1884 νῦν
1877 1828 1931 1883 καὶ

341 1943 407 2006 τοῖς
427 1930 533 1995 πάλαι
560 1965 597 1976 -
625 1927 755 2009 μισητδν
777 1925 866 2005 παρά
890 1924 995 1985 πάντα
1020 1926 1153 2005 πρᾶγμα
1176 1928 1230 1985 καί
1251 1925 1371 2004 ὄνομα·
1405 1927 1448 1986 άν
1468 1924 1504 1986 δέ
1533 1923 1726 2013 διαμάρτῃς,
1755 1924 1933 2006 όλέθριον·

342 2036 387 2108 είς
410 2032 504 2098 αύτόν
524 2037 586 2111 γάρ
609 2027 739 2103 κατάξει
760 2045 793 2089 σε
815 2029 870 2087 τόν
896 2027 900 2111 j
925 2024 1008 2105 ᾅδου
1030 2028 1222 2106 πυθμένα*·
1246 2033 1311 2101 πᾶς
1334 2027 1363 2090 δ’
1386 2029 1429 2089 άν
1448 2024 1484 2092 εύ
1505 2030 1637 2110 φρονοῖν
1658 2028 1785 2108 μᾶλλον
1850 2029 1931 2093 258²

342 2139 442 2201 ῖλοιτο
464 2136 596 2199 ταπεινά
621 2129 761 2210 βαδίζειν
783 2128 848 2209 μετ’
871 2126 1050 2212 α’σφαλείας
1072 2133 1092 2211 ῆ
1111 2132 1251 2211 μετέωρα
1273 2133 1397 2209 βαίνειν
1418 2129 1586 2212 σφαλερῶς
1607 2153 1638 2194 τε
1654 2137 1708 2193 καί
1723 2133 1929 2211 θανασίμως·

342 2246 396 2302 καί
418 2240 452 2302 τὸ
475 2249 539 2311 τοῖς
561 2235 691 2307 πολλοῖς
715 2230 927 2311 συντετάχθαι
949 2237 1039 2314 παρὰ
1061 2232 1197 2315 μηδενός
1216 2234 1408 2312 μισούμενον
1430 2231 1635 2318 αίρετοίτερον
1665 2237 1685 2319 ῆ
1707 2235 1838 2297 πάντων
1860 2232 1931 2312 ἅμα

343 2351 468 2424 κρατεῖν
490 2351 554 2413 τοῖς
574 2342 673 2401 πᾶσιν
694 2335 975 2417 άπεχθανόμενον.
1066 2335 1138 2399 19ού
1159 2352 1256 2419 φησιν
1270 2338 1389 2411 ἐκεῖνος
1403 2336 1421 2400 6
1437 2338 1574 2418 μάταιος
1597 2336 1667 2400 αδδ
1687 2337 1792 2400 ἐποίει
1815 2335 1933 2400 τούτων

343 2443 447 2519 ούδέν,
471 2442 676 2526 φλεγμαίνων
698 2440 757 2524 ῆδη
779 2443 822 2524 τῷ
845 2438 948 2501 πάθει
972 2444 1027 2500 καὶ
1047 2450 1115 2511 ταῖς
1132 2438 1238 2501 ἐλπίσι
1249 2439 1398 2519 μεθύων·
1420 2438 1492 2504 άλλ’
1510 2440 1679 2523 κέρρίφθω
1693 2439 1806 2519 κύβος(
1830 2441 1933 2503 εἰπὼν

343 2555 398 2612 καί
419 2551 492 2623 τούς
514 2545 709 2632 ὀφθαλμούς
730 2543 898 2622 ἐπιμῦσας,
932 2543 1011 2604 κατά
1035 2543 1104 2615 τοῦς
1125 2541 1170 2615 εἰς
1192 2540 1309 2621 α’χανές
1330 2542 1505 2624 ἐπαφεῖναι
1527 2544 1701 2623 μέλλοντας
1722 2542 1832 2623 βάθος
1853 2543 1932 2607 δλον

342 2653 457 2717 ἑαυτόν
479 2651 655 2733 ἐπιρρίπτει
676 2650 712 2735 τῆ
734 2649 823 2730 φορᾷ
844 2649 896 2729 τῆς
918 2644 1105 2723 ἐπιθυμίας,
1128 2652 1182 2706 καί
1204 2648 1261 2708 τόν
1281 2643 1425 2724 μοναχδν
1438 2643 1531 2719 ἐκδύς
1544 2647 1634 2726 παρά
1651 2649 1756 2730 χρῆμα
1779 2647 1847 2731 (καί
1868 2649 1931 2728 γάρ

343 2755 382 2839 ῆν
404 2753 552 2838 α’νάξιος)
580 2756 634 2815 τὸν
660 2749 811 2830 κοσμικόν
840 2746 1015 2812 ύποδύεται
1038 2784 1079 2796 -
1111 2745 1129 2810 δ
1159 2748 1242 2812 κύων
1271 2745 1329 2833 (τός
1352 2749 1478 2832 λόγος*)
1506 2749 1586 2831 πρός
1615 2750 1670 2812 τὸν
1700 2748 1785 2812 ἴδιον
1812 2750 1931 2830 ἔμετον.

343 2862 425 2922 οὕτω
455 2857 490 2920 δέ
518 2854 703 2936 χαμαιλέων
730 2851 864 2915 δΛέων
895 2848 1075 2934 άναφανεὶς
1103 2854 1156 2913 καί
1184 2853 1240 2924 τάς
1268 2851 1383 2914 ἐαυτοῦ
1413 2850 1536 2925 πολλάς
1563 2850 1663 2932 χρόας
1691 2848 1846 2914 ύπελθαίν
1877 2857 1932 2913 καὶ

343 2960 500 3044 άμείψας,
521 2962 576 3043 τῆν
596 2960 699 3040 μόνην
722 2953 881 3017 άδύνατον
909 2952 993 3038 αύτῷ
1022 2958 1076 3015 καί
1103 2953 1259 3038 άμίμητον
1288 2953 1422 3038 ἐσχάτην
1451 2965 1551 3038 τηρεῖ,
1585 2959 1638 3016 καί
1670 2954 1779 3028 λευκός
1806 2958 1867 3035 μὲν
1895 2956 1931 3017 ἐκ

341 3066 491 3149 μέλανος,
514 3061 695 3145 ύστερούσης
717 3062 792 3132 τέως
808 3061 859 3140 τῆς
874 3055 1081 3140 πορφυρίδος,
1105 3055 1171 3122 dna
1195 3058 1375 3134 στυγνοῦδέ
1391 3058 1540 3141 λαμπρός
1554 3057 1596 3131 (ῦς
1617 3056 1675 3121 οδκ
1693 3057 1737 3119 όν
1749 3081 1794 3131 τις
1808 3057 1930 3141 ἤλπισε,

341 3173 469 3248 γίνεται,
493 3167 563 3230 άντῐ
583 3162 757 3245 μοναδικῆς
779 3160 796 3224 6
819 3160 986 3241 γεννάδας,
1012 3163 1015 3245 ί
1040 3166 1094 3223 ῖνα
1118 3167 1171 3223 καί
1188 3160 1282 3235 αδτδς
1305 3160 1488 3244 λευκότερον
1508 3163 1597 3239 εἴπω,
1620 3161 1786 3242 βασιλικῆν
1851 3162 1931 3227 2591

343 3274 456 3355 στολῆν
472 3273 682 3352 περιθέμενος
698 3270 751 3328 καὶ
764 3267 931 3343 γενόμενος
944 3264 1079 3339 ἔξαλλος
1093 3266 1147 3346 τῆν
1162 3262 1328 3348 α’ναβολῆν
1342 3264 1545 3347 παραδόξως.
1636 3264 1760 3327 20τοῦτο
1783 3265 1816 3327 τό
1839 3266 1932 3347 κόρας

343 3380 468 3460 πρῶτον
491 3372 608 3460 (οίμαι)
631 3376 683 3433 καὶ
705 3373 808 3452 μόνον
829 3369 882 3431 ἐπὶ
904 3372 960 3451 γῆς
981 3368 1065 3431 ελδεν
1087 3367 1183 3450 ῆλιος,
1207 3369 1224 3429 6
1248 3373 1302 3429 καί
1324 3379 1392 3442 ταῖς
1413 3369 1484 3452 ἑξῆς
1505 3379 1627 3444 γενεαῖς
1647 3367 1827 3451 χρησιμεύει
1849 3368 1931 3447 τάχα

342 3480 424 3561 πρός
445 3484 594 3557 αῖνιγμα·
618 3473 635 3537 6
657 3472 885 3557 τρυχινοφδρος
906 3466 1172 3554 χλαμυδοφόρος·
1196 3470 1214 3533 6
1235 3475 1393 3555 μοναστῆς
1415 3472 1613 3556 ξιφηφόρος·
1636 3469 1654 3533 6
1677 3469 1811 3555 α’σκητης
1833 3487 1931 3554 στρα-

343 3581 448 3665 τηγός·
471 3578 489 3642 6
511 3583 563 3662 τῆς
584 3575 742 3659 ύποταγῆς
763 3574 974 3658 ἐξουσιαστῆς,
996 3572 1013 3636 6
1037 3578 1090 3636 καί
1114 3573 1229 3638 ἑαυτὸν
1251 3573 1488 3657 ἀρνησάμενος*
1509 3577 1660 3659 ἐγκρατὴς
1681 3577 1744 3638 τόν
1766 3574 1851 3638 ὅλων
1874 3575 1932 3660 (ὡς

344 3686 450 3769 ᾤετο)·
488 3681 505 3745 6
528 3690 565 3746 τά
591 3684 751 3759 Καίσαρος
774 3678 876 3763 ῥίψας
899 3683 1024 3759 Καῖσαρ
1047 3674 1137 3752 οὗτος
1160 3676 1257 3751 αύτύς
1279 3716 1321 3725 -
1350 3678 1478 3760 μάλλον
1500 3679 1536 3741 δέ
1559 3676 1748 3759 παράνομος
1767 3680 1930 3760 τύραννος,

343 3788 378 3863 ἐξ
401 3786 546 3867 α’σεβείας
567 3787 717 3865 λαμπράς
738 3786 790 3864 τῆς
812 3779 997 3861 τυραννίδος
1019 3779 1218 3861 δραξάμενος
1247 3788 1301 3842 καί
1323 3784 1423 3864 κακῆν
1446 3782 1546 3866 α’ρχῆν
1573 3781 1706 3855 ύποθείς
1730 3779 1785 3847 οῦκ
1809 3780 1931 3867 όγαθηῖ
1966 3803 1969 3809 ·

345 3880 517 3974 πράγματά

433 3991 550 4055 ἩἘπεὶ
573 3991 608 4052 δὲ
631 3989 709 4053 οἴτω
733 3986 968 4070 προβάλλεται,
1002 3993 1056 4049 καὶ
1083 3990 1120 4049 τά
1151 3986 1222 4072 ἑξῆς
1253 3988 1425 4052 άκόλουθα
1447 3990 1624 4052 διατίθεται
1654 3987 1707 4073 (ού
1728 3989 1790 4070 γάρ
1813 3987 1932 4066 λύγοις,

344 4096 415 4159 ἀλλ’
438 4097 540 4177 ἔργοις
563 4092 729 4176 α’νομῆσας
752 4096 875 4173 πρῶτος
897 4088 1006 4166 αύτός,
1039 4096 1093 4153 καί
1124 4092 1179 4155 τόν
1201 4096 1340 4173 Χριστοῦ
1370 4092 1463 4172 ζυγόν
1490 4093 1680 4176 άπορρίφας
1709 4094 1764 4154 τόν
1784 4090 1931 4175 ἐλαφρὸν

345 4205 399 4261 καί
420 4199 582 4283 χρηστόνί,
617 4202 673 4271 τάς
694 4198 775 4281 πρός
797 4192 893 4259 αὐτόν
922 4216 953 4256 τε
983 4192 1148 4277 σονθῆκας
1176 4193 1296 4279 α’νέδην
1317 4196 1598 4281 ἐξορχησάμενος),
1633 4194 1747 4279 όδηγός
1776 4196 1932 4276 δευτέρων

345 4305 454 4365 κακῶν
478 4339 515 4348 -
539 4299 704 4380 ἐπιορκίας
726 4306 778 4362 καὶ
804 4297 946 4380 ψεύδους
968 4335 1010 4344 -
1033 4307 1096 4369 τοῖς
1117 4297 1371 4381 ἐπαγαγομένοις
1386 4303 1587 4373 καθίσταται,
1610 4300 1717 4375 δεξιάς
1739 4300 1799 4383 ῆδη
1815 4303 1932 4374 πίστεις

343 4405 471 4486 βασιλεῖ
491 4402 714 4483 παρασχόντας
735 4403 790 4465 ἐπὶ
812 4400 956 4484 δεύτερον
977 4399 1080 4463 ἄλλον
1094 4406 1313 4482 στρατιωτικόν
1331 4404 1428 4485 όρκον
1450 4402 1538 4480 άγων
1561 4407 1615 4464 καί
1635 4402 1849 4476 άπ’ἐναντίας
1867 4414 1933 4478 τοῖς

344 4505 351 4595 ξ
365 4509 550 4591 ἔμπροσθεν
571 4505 706 4588 όμνύναι
727 4504 994 4589 παρασκευάζων·
1017 4503 1073 4570 οῦκ
1083 4503 1281 4589 εύτακτῆσειν
1295 4507 1357 4589 γάρ
1369 4503 1411 4579 ὥς
1422 4505 1498 4580 ἐκεῖ,
1519 4503 1788 4589 ἀλλ’άκακτῆσειν
1852 4508 1932 4573 259²

342 4611 471 4694 μᾶλλον
487 4609 506 4675 6
521 4611 624 4693 όρκος,
646 4612 744 4673 καὶτὸ
757 4614 809 4694 τῆς
830 4607 1014 4681 εὐπειθείας
1035 4607 1136 4671 καλδν
1157 4607 1262 4693 ὥσπερ
1284 4610 1457 4691 πρότερον·
1480 4604 1499 4692 η’
1518 4611 1582 4690 μῆν
1604 4605 1659 4671 οὐκ
1674 4610 1718 4673 ἔτι
1742 4608 1933 4691 προδώσειν,

345 4713 426 4778 οὕτω
445 4717 503 4778 νῦν
521 4714 555 4776 ἐκ
570 4712 780 4799 παλινῳδίας,
804 4710 823 4797 ἦ
833 4713 897 4795 μῆν
909 4710 1089 4792 προδόντας
1100 4712 1153 4795 ἐφ’
1168 4711 1269 4789 ἅπαξ,
1292 4710 1349 4778 ούκ
1360 4713 1404 4777 ἐτι
1415 4711 1699 4775 άνακαλέσασθαι·
1723 4712 1766 4786 ῦς
1786 4714 1936 4778 ἐνταῦθα

419 4843 446 4889 18
464 4838 535 4891 Prov
557 4855 593 4901 14,
614 4855 642 4889 12
663 4841 700 4899 τό,
720 4853 746 4903 25
765 4839 769 4901 Ι
787 4853 815 4902 ¹9
834 4834 906 4890 Prov
925 4839 963 4898 τί,
985 4854 1010 4887 τι
1032 4834 1098 4889 Petr
1115 4841 1133 4901 β
1151 4856 1174 4900 τ,
1193 4835 1290 4906 κτίτο
1307 4836 1400 4890 Matth
1421 4840 1459 4902 τί,
1477 4836 1571 4901 κ41τι
1593 4833 1684 4889 Matth
1705 4854 1741 4898 11,
1762 4854 1791 4901 30
