<?xml version="1.0" encoding="UTF-8"?>
<!DOCTYPE html PUBLIC "-//W3C//DTD XHTML 1.0 Transitional//EN"
    "http://www.w3.org/TR/xhtml1/DTD/xhtml1-transitional.dtd">
<html xmlns="http://www.w3.org/1999/xhtml" xml:lang="en" lang="en">
 <head>
  <title>
</title>
<meta http-equiv="Content-Type" content="text/html;charset=utf-8" />
  <meta name='ocr-system' content='tesseract 3.04.00' />
  <meta name='ocr-capabilities' content='ocr_page ocr_carea ocr_par ocr_line ocrx_word'/>
</head>
<body>
  <div class='ocr_page' id='page_1' title='image "./iohanniseuchait00vatigoog_0222.png"; bbox 0 0 4560 6172; ppageno 0'>
   <div class='ocr_carea' id='block_1_1' title="bbox 341 560 1928 633">
    <p class='ocr_par' dir='ltr' id='par_1_1' title="bbox 341 560 1928 633">
     <span class='ocr_line' id='line_1_1' title="bbox 341 560 1928 633; baseline 0.004 -8"><span class='ocrx_word' id='word_1_1' title='bbox 341 560 425 629; x_wconf 77' lang='lat' dir='ltr'><strong><em>18ss</em></strong></span> <span class='ocrx_word' id='word_1_2' title='bbox 1866 569 1928 633; x_wconf 74' lang='lat'><strong><em>179</em></strong></span> 
     </span>
    </p>
   </div>
   <div class='ocr_carea' id='block_1_2' title="bbox 340 728 1929 1023">
    <p class='ocr_par' dir='ltr' id='par_1_2' title="bbox 340 728 1929 1023">
     <span class='ocr_line' id='line_1_2' title="bbox 342 728 1928 823; baseline 0.005 -32"><span class='ocrx_word' id='word_1_3' title='bbox 342 728 438 814; x_wconf 80' lang='grc' dir='ltr'><strong><em>τούτῳ</em></strong></span> <span class='ocrx_word' id='word_1_4' title='bbox 461 739 569 810; x_wconf 77' lang='grc' dir='ltr'><strong><em>κρατεῖ</em></strong></span> <span class='ocrx_word' id='word_1_5' title='bbox 589 732 651 792; x_wconf 75' lang='grc' dir='ltr'><strong><em>τεῦν</em></strong></span> <span class='ocrx_word' id='word_1_6' title='bbox 672 731 843 809; x_wconf 87' lang='grc' dir='ltr'><strong><em>βελτιόνων</em></strong></span> <span class='ocrx_word' id='word_1_7' title='bbox 865 734 901 795; x_wconf 85' lang='grc' dir='ltr'><strong><em>τά</em></strong></span> <span class='ocrx_word' id='word_1_8' title='bbox 926 736 1028 813; x_wconf 92' lang='grc' dir='ltr'><strong><em>χείρω,</em></strong></span> <span class='ocrx_word' id='word_1_9' title='bbox 1053 733 1098 796; x_wconf 88' lang='grc' dir='ltr'><strong><em>δτι</em></strong></span> <span class='ocrx_word' id='word_1_10' title='bbox 1121 737 1183 796; x_wconf 81' lang='grc' dir='ltr'><strong><em>τιῦν</em></strong></span> <span class='ocrx_word' id='word_1_11' title='bbox 1204 737 1263 814; x_wconf 78' lang='grc' dir='ltr'><strong><em>μὲν</em></strong></span> <span class='ocrx_word' id='word_1_12' title='bbox 1285 734 1381 823; x_wconf 97' lang='grc' dir='ltr'><strong><em>σχολῇ</em></strong></span> <span class='ocrx_word' id='word_1_13' title='bbox 1404 739 1459 795; x_wconf 78' lang='grc' dir='ltr'><strong><em>καὶ</em></strong></span> <span class='ocrx_word' id='word_1_14' title='bbox 1473 734 1526 799; x_wconf 83' lang='grc' dir='ltr'><strong><em>σῦν</em></strong></span> <span class='ocrx_word' id='word_1_15' title='bbox 1543 734 1632 820; x_wconf 81' lang='grc' dir='ltr'><strong><em>πόνῳ</em></strong></span> <span class='ocrx_word' id='word_1_16' title='bbox 1655 740 1709 797; x_wconf 78' lang='grc' dir='ltr'><strong><em>καὶ</em></strong></span> <span class='ocrx_word' id='word_1_17' title='bbox 1731 738 1809 797; x_wconf 81' lang='grc' dir='ltr'><strong><em>κατά</em></strong></span> <span class='ocrx_word' id='word_1_18' title='bbox 1825 740 1928 817; x_wconf 83' lang='grc' dir='ltr'><strong><em>βραχύ</em></strong></span> 
     </span>
     <span class='ocr_line' id='line_1_3' title="bbox 340 831 1929 922; baseline 0.004 -29"><span class='ocrx_word' id='word_1_19' title='bbox 340 833 374 894; x_wconf 89' lang='grc' dir='ltr'><strong><em>τδ</em></strong></span> <span class='ocrx_word' id='word_1_20' title='bbox 398 831 573 916; x_wconf 79' lang='grc' dir='ltr'><strong><em>ὠφέλιμον,</em></strong></span> <span class='ocrx_word' id='word_1_21' title='bbox 606 837 669 896; x_wconf 78' lang='grc' dir='ltr'><strong><em>τῶν</em></strong></span> <span class='ocrx_word' id='word_1_22' title='bbox 691 834 726 897; x_wconf 78' lang='grc' dir='ltr'><strong><em>δὲ</em></strong></span> <span class='ocrx_word' id='word_1_23' title='bbox 747 834 929 900; x_wconf 89' lang='grc' dir='ltr'><strong><em>τοῦναντίον</em></strong></span> <span class='ocrx_word' id='word_1_24' title='bbox 964 835 1005 898; x_wconf 91' lang='grc' dir='ltr'><strong><em>δι’</em></strong></span> <span class='ocrx_word' id='word_1_25' title='bbox 1029 835 1137 913; x_wconf 85' lang='grc' dir='ltr'><strong><em>δλίγου</em></strong></span> <span class='ocrx_word' id='word_1_26' title='bbox 1161 844 1214 899; x_wconf 79' lang='grc' dir='ltr'><strong><em>καὶ</em></strong></span> <span class='ocrx_word' id='word_1_27' title='bbox 1237 837 1355 922; x_wconf 80' lang='grc' dir='ltr'><strong><em>ῥᾷστον</em></strong></span> <span class='ocrx_word' id='word_1_28' title='bbox 1377 842 1430 899; x_wconf 74' lang='grc' dir='ltr'><strong><em>καί</em></strong></span> <span class='ocrx_word' id='word_1_29' title='bbox 1453 835 1582 917; x_wconf 88' lang='grc' dir='ltr'><strong><em>άθρόον</em></strong></span> <span class='ocrx_word' id='word_1_30' title='bbox 1610 841 1643 899; x_wconf 70' lang='grc' dir='ltr'><strong><em>το·</em></strong></span> <span class='ocrx_word' id='word_1_31' title='bbox 1671 837 1840 918; x_wconf 89' lang='grc' dir='ltr'><strong><em>βλαβερόν,</em></strong></span> <span class='ocrx_word' id='word_1_32' title='bbox 1875 844 1929 900; x_wconf 78' lang='grc' dir='ltr'><strong><em>καὶ</em></strong></span> 
     </span>
     <span class='ocr_line' id='line_1_4' title="bbox 343 934 1929 1023; baseline 0.005 -27"><span class='ocrx_word' id='word_1_33' title='bbox 343 934 500 1008; x_wconf 75' lang='grc' dir='ltr'><strong><em>πολλάκις</em></strong></span> <span class='ocrx_word' id='word_1_34' title='bbox 522 936 539 996; x_wconf 84' lang='grc' dir='ltr'><strong><em>δ</em></strong></span> <span class='ocrx_word' id='word_1_35' title='bbox 563 935 658 1016; x_wconf 98' lang='grc' dir='ltr'><strong><em>μόλις</em></strong></span> <span class='ocrx_word' id='word_1_36' title='bbox 680 935 789 1018; x_wconf 75' lang='grc' dir='ltr'><strong><em>άρεταὶ</em></strong></span> <span class='ocrx_word' id='word_1_37' title='bbox 811 938 929 1001; x_wconf 83' lang='grc' dir='ltr'><strong><em>πολλαὶ</em></strong></span> <span class='ocrx_word' id='word_1_38' title='bbox 951 943 1005 999; x_wconf 77' lang='grc' dir='ltr'><strong><em>καί</em></strong></span> <span class='ocrx_word' id='word_1_39' title='bbox 1025 940 1164 1018; x_wconf 76' lang='grc' dir='ltr'><strong><em>μεγάλαι</em></strong></span> <span class='ocrx_word' id='word_1_40' title='bbox 1178 944 1256 1020; x_wconf 85' lang='grc' dir='ltr'><strong><em>μετά</em></strong></span> <span class='ocrx_word' id='word_1_41' title='bbox 1272 940 1426 1003; x_wconf 92' lang='grc' dir='ltr'><strong><em>πλείστων</em></strong></span> <span class='ocrx_word' id='word_1_42' title='bbox 1442 940 1593 1020; x_wconf 76' lang='grc' dir='ltr'><strong><em>καμάτων</em></strong></span> <span class='ocrx_word' id='word_1_43' title='bbox 1608 941 1645 1003; x_wconf 91' lang='grc' dir='ltr'><strong><em>έν</em></strong></span> <span class='ocrx_word' id='word_1_44' title='bbox 1658 953 1793 1021; x_wconf 81' lang='grc' dir='ltr'><strong><em>μακρυίς</em></strong></span> <span class='ocrx_word' id='word_1_45' title='bbox 1810 946 1929 1023; x_wconf 86' lang='grc' dir='ltr'><strong><em>καταίρ-</em></strong></span> 
     </span>
    </p>
   </div>
   <div class='ocr_carea' id='block_1_3' title="bbox 342 1040 1937 4744">
    <p class='ocr_par' dir='ltr' id='par_1_3' title="bbox 342 1040 1930 1442">
     <span class='ocr_line' id='line_1_5' title="bbox 343 1040 1927 1127; baseline 0.008 -29"><span class='ocrx_word' id='word_1_46' title='bbox 343 1040 461 1100; x_wconf 90' lang='grc' dir='ltr'><strong><em>θωσαν</em></strong></span> <span class='ocrx_word' id='word_1_47' title='bbox 481 1042 618 1117; x_wconf 82' lang='grc' dir='ltr'><strong><em>χρόνοις,</em></strong></span> <span class='ocrx_word' id='word_1_48' title='bbox 641 1044 700 1119; x_wconf 92' lang='grc' dir='ltr'><strong><em>μία</em></strong></span> <span class='ocrx_word' id='word_1_49' title='bbox 723 1041 883 1124; x_wconf 86' lang='grc' dir='ltr'><strong><em>προσβολή</em></strong></span> <span class='ocrx_word' id='word_1_50' title='bbox 905 1045 1058 1124; x_wconf 74' lang='grc' dir='ltr'><strong><em>πονηρίας</em></strong></span> <span class='ocrx_word' id='word_1_51' title='bbox 1073 1043 1109 1105; x_wconf 82' lang='grc' dir='ltr'><strong><em>έν</em></strong></span> <span class='ocrx_word' id='word_1_52' title='bbox 1124 1041 1250 1127; x_wconf 72' lang='grc' dir='ltr'><strong><em>άκαήρεί</em></strong></span> <span class='ocrx_word' id='word_1_53' title='bbox 1259 1043 1407 1106; x_wconf 88' lang='grc' dir='ltr'><strong><em>κατέλυσε</em></strong></span> <span class='ocrx_word' id='word_1_54' title='bbox 1422 1050 1476 1105; x_wconf 81' lang='grc' dir='ltr'><strong><em>καί</em></strong></span> <span class='ocrx_word' id='word_1_55' title='bbox 1491 1043 1694 1127; x_wconf 83' lang='grc' dir='ltr'><strong><em>διέφθειρεν·</em></strong></span> <span class='ocrx_word' id='word_1_56' title='bbox 1718 1045 1735 1106; x_wconf 84' lang='grc' dir='ltr'><strong><em>δ</em></strong></span> <span class='ocrx_word' id='word_1_57' title='bbox 1753 1044 1781 1106; x_wconf 91' lang='grc' dir='ltr'><strong><em>δ’</em></strong></span> <span class='ocrx_word' id='word_1_58' title='bbox 1849 1048 1927 1111; x_wconf 80' lang='lat'><strong>253¹</strong></span> 
     </span>
     <span class='ocr_line' id='line_1_6' title="bbox 342 1136 1927 1230; baseline 0.006 -29"><span class='ocrx_word' id='word_1_59' title='bbox 342 1136 508 1203; x_wconf 83' lang='grc' dir='ltr'><strong><em>άπάλεσεν</em></strong></span> <span class='ocrx_word' id='word_1_60' title='bbox 524 1141 602 1224; x_wconf 87' lang='grc' dir='ltr'><strong><em>αῦτη</em></strong></span> <span class='ocrx_word' id='word_1_61' title='bbox 618 1139 719 1204; x_wconf 87' lang='grc' dir='ltr'><strong><em>πάλιν</em></strong></span> <span class='ocrx_word' id='word_1_62' title='bbox 734 1140 825 1208; x_wconf 81' lang='grc' dir='ltr'><strong><em>αῦέν</em></strong></span> <span class='ocrx_word' id='word_1_63' title='bbox 839 1147 959 1224; x_wconf 77' lang='grc' dir='ltr'><strong><em>βραχεῖ,</em></strong></span> <span class='ocrx_word' id='word_1_64' title='bbox 983 1143 1071 1207; x_wconf 90' lang='grc' dir='ltr'><strong><em>πάνυ</em></strong></span> <span class='ocrx_word' id='word_1_65' title='bbox 1085 1146 1179 1226; x_wconf 81' lang='grc' dir='ltr'><strong><em>μόλις</em></strong></span> <span class='ocrx_word' id='word_1_66' title='bbox 1194 1147 1312 1208; x_wconf 77' lang='grc' dir='ltr'><strong><em>ἐκεῖναι</em></strong></span> <span class='ocrx_word' id='word_1_67' title='bbox 1329 1146 1383 1209; x_wconf 84' lang='grc' dir='ltr'><strong><em>διὰ</em></strong></span> <span class='ocrx_word' id='word_1_68' title='bbox 1399 1151 1514 1227; x_wconf 90' lang='grc' dir='ltr'><strong><em>μικροῦ</em></strong></span> <span class='ocrx_word' id='word_1_69' title='bbox 1530 1145 1740 1230; x_wconf 81' lang='grc' dir='ltr'><strong><em>άνεσηίσαντο.</em></strong></span> <span class='ocrx_word' id='word_1_70' title='bbox 1822 1148 1927 1210; x_wconf 70' lang='grc' dir='ltr'><strong><em>4α’λλά</em></strong></span> 
     </span>
     <span class='ocr_line' id='line_1_7' title="bbox 345 1243 1930 1338; baseline 0.006 -34"><span class='ocrx_word' id='word_1_71' title='bbox 345 1243 396 1305; x_wconf 71' lang='grc' dir='ltr'><strong><em>δεῖ</em></strong></span> <span class='ocrx_word' id='word_1_72' title='bbox 415 1246 529 1326; x_wconf 89' lang='grc' dir='ltr'><strong><em>μικρδν</em></strong></span> <span class='ocrx_word' id='word_1_73' title='bbox 550 1244 683 1307; x_wconf 82' lang='grc' dir='ltr'><strong><em>ἄνωθεν</em></strong></span> <span class='ocrx_word' id='word_1_74' title='bbox 705 1243 882 1325; x_wconf 75' lang='grc' dir='ltr'><strong><em>ἀναλαβεῖν</em></strong></span> <span class='ocrx_word' id='word_1_75' title='bbox 905 1250 938 1309; x_wconf 80' lang='grc' dir='ltr'><strong><em>τὸ</em></strong></span> <span class='ocrx_word' id='word_1_76' title='bbox 961 1248 1096 1327; x_wconf 90' lang='grc' dir='ltr'><strong><em>συμβάν,</em></strong></span> <span class='ocrx_word' id='word_1_77' title='bbox 1123 1250 1162 1310; x_wconf 73' lang='grc' dir='ltr'><strong><em>ἵν’</em></strong></span> <span class='ocrx_word' id='word_1_78' title='bbox 1185 1250 1312 1311; x_wconf 78' lang='grc' dir='ltr'><strong><em>ἐκεῖθεν</em></strong></span> <span class='ocrx_word' id='word_1_79' title='bbox 1332 1249 1459 1329; x_wconf 81' lang='grc' dir='ltr'><strong><em>μᾶλλον</em></strong></span> <span class='ocrx_word' id='word_1_80' title='bbox 1480 1248 1667 1338; x_wconf 69' lang='grc' dir='ltr'><strong><em>ἐπιγνωσθῇ</em></strong></span> <span class='ocrx_word' id='word_1_81' title='bbox 1689 1254 1741 1332; x_wconf 83' lang='grc' dir='ltr'><strong><em>τῇς</em></strong></span> <span class='ocrx_word' id='word_1_82' title='bbox 1765 1255 1822 1316; x_wconf 90' lang='grc' dir='ltr'><strong><em>νῦν</em></strong></span> <span class='ocrx_word' id='word_1_83' title='bbox 1843 1250 1930 1333; x_wconf 81' lang='grc' dir='ltr'><strong><em>εὔερ-</em></strong></span> 
     </span>
     <span class='ocr_line' id='line_1_8' title="bbox 343 1349 1929 1442; baseline 0.004 -32"><span class='ocrx_word' id='word_1_84' title='bbox 343 1352 449 1425; x_wconf 87' lang='grc' dir='ltr'><strong><em>γεσίας</em></strong></span> <span class='ocrx_word' id='word_1_85' title='bbox 469 1350 502 1410; x_wconf 88' lang='grc' dir='ltr'><strong><em>τδ</em></strong></span> <span class='ocrx_word' id='word_1_86' title='bbox 524 1351 673 1430; x_wconf 89' lang='grc' dir='ltr'><strong><em>μέγεθος,</em></strong></span> <span class='ocrx_word' id='word_1_87' title='bbox 695 1353 749 1411; x_wconf 76' lang='grc' dir='ltr'><strong><em>καὶ</em></strong></span> <span class='ocrx_word' id='word_1_88' title='bbox 770 1357 804 1438; x_wconf 88' lang='grc' dir='ltr'><strong><em>τῇ</em></strong></span> <span class='ocrx_word' id='word_1_89' title='bbox 827 1352 1008 1428; x_wconf 76' lang='grc' dir='ltr'><strong><em>παραθέσει</em></strong></span> <span class='ocrx_word' id='word_1_90' title='bbox 1030 1354 1092 1412; x_wconf 81' lang='grc' dir='ltr'><strong><em>τῶν</em></strong></span> <span class='ocrx_word' id='word_1_91' title='bbox 1108 1350 1257 1432; x_wconf 77' lang='grc' dir='ltr'><strong><em>λυπηρῶν</em></strong></span> <span class='ocrx_word' id='word_1_92' title='bbox 1279 1352 1332 1414; x_wconf 81' lang='grc' dir='ltr'><strong><em>έπὶ</em></strong></span> <span class='ocrx_word' id='word_1_93' title='bbox 1355 1352 1454 1415; x_wconf 83' lang='grc' dir='ltr'><strong><em>πλέον</em></strong></span> <span class='ocrx_word' id='word_1_94' title='bbox 1476 1349 1608 1435; x_wconf 85' lang='grc' dir='ltr'><strong><em>ήδύτερα</em></strong></span> <span class='ocrx_word' id='word_1_95' title='bbox 1629 1357 1720 1442; x_wconf 86' lang='grc' dir='ltr'><strong><em>φανῇ</em></strong></span> <span class='ocrx_word' id='word_1_96' title='bbox 1741 1357 1777 1415; x_wconf 85' lang='grc' dir='ltr'><strong><em>τά</em></strong></span> <span class='ocrx_word' id='word_1_97' title='bbox 1803 1359 1929 1437; x_wconf 88' lang='grc' dir='ltr'><strong><em>χρηστά.</em></strong></span> 
     </span>
    </p>

    <p class='ocr_par' dir='ltr' id='par_1_4' title="bbox 343 1450 1930 2465">
     <span class='ocr_line' id='line_1_9' title="bbox 432 1450 1928 1536; baseline 0.005 -23"><span class='ocrx_word' id='word_1_98' title='bbox 432 1450 527 1530; x_wconf 75' lang='grc' dir='ltr'><strong><em>5Ελχε</em></strong></span> <span class='ocrx_word' id='word_1_99' title='bbox 548 1456 607 1533; x_wconf 81' lang='grc' dir='ltr'><strong><em>μὲν</em></strong></span> <span class='ocrx_word' id='word_1_100' title='bbox 629 1450 705 1536; x_wconf 81' lang='grc' dir='ltr'><strong><em>ήμτν</em></strong></span> <span class='ocrx_word' id='word_1_101' title='bbox 727 1458 789 1533; x_wconf 91' lang='grc' dir='ltr'><strong><em>πρδ</em></strong></span> <span class='ocrx_word' id='word_1_102' title='bbox 810 1458 925 1533; x_wconf 90' lang='grc' dir='ltr'><strong><em>μικροῦ</em></strong></span> <span class='ocrx_word' id='word_1_103' title='bbox 955 1452 1061 1526; x_wconf 79' lang='grc' dir='ltr'><strong><em>καλῶς</em></strong></span> <span class='ocrx_word' id='word_1_104' title='bbox 1092 1459 1148 1515; x_wconf 82' lang='grc' dir='ltr'><strong><em>καὶ</em></strong></span> <span class='ocrx_word' id='word_1_105' title='bbox 1176 1458 1332 1536; x_wconf 92' lang='grc' dir='ltr'><strong><em>σωτηρίως</em></strong></span> <span class='ocrx_word' id='word_1_106' title='bbox 1361 1453 1398 1517; x_wconf 82' lang='grc' dir='ltr'><strong><em>τά</em></strong></span> <span class='ocrx_word' id='word_1_107' title='bbox 1427 1456 1615 1535; x_wconf 87' lang='grc' dir='ltr'><strong><em>πράγματα·</em></strong></span> <span class='ocrx_word' id='word_1_108' title='bbox 1645 1461 1678 1518; x_wconf 85' lang='grc' dir='ltr'><strong><em>τό</em></strong></span> <span class='ocrx_word' id='word_1_109' title='bbox 1709 1458 1870 1520; x_wconf 91' lang='grc' dir='ltr'><strong><em>πολιτικόν</em></strong></span> <span class='ocrx_word' id='word_1_110' title='bbox 1897 1483 1928 1521; x_wconf 88' lang='grc' dir='ltr'><strong><em>τε</em></strong></span> 
     </span>
     <span class='ocr_line' id='line_1_10' title="bbox 343 1553 1927 1644; baseline 0.005 -29"><span class='ocrx_word' id='word_1_111' title='bbox 343 1555 404 1635; x_wconf 85' lang='grc' dir='ltr'><strong><em>γάρ</em></strong></span> <span class='ocrx_word' id='word_1_112' title='bbox 427 1553 580 1617; x_wconf 88' lang='grc' dir='ltr'><strong><em>κάλλιστα</em></strong></span> <span class='ocrx_word' id='word_1_113' title='bbox 602 1558 655 1618; x_wconf 84' lang='grc' dir='ltr'><strong><em>τὸν</em></strong></span> <span class='ocrx_word' id='word_1_114' title='bbox 676 1555 790 1621; x_wconf 80' lang='grc' dir='ltr'><strong><em>ἑαυτοῦ</em></strong></span> <span class='ocrx_word' id='word_1_115' title='bbox 810 1557 929 1636; x_wconf 85' lang='grc' dir='ltr'><strong><em>κόσμον</em></strong></span> <span class='ocrx_word' id='word_1_116' title='bbox 951 1555 1062 1641; x_wconf 81' lang='grc' dir='ltr'><strong><em>ἔσῳζε,</em></strong></span> <span class='ocrx_word' id='word_1_117' title='bbox 1093 1563 1147 1618; x_wconf 82' lang='grc' dir='ltr'><strong><em>καὶ</em></strong></span> <span class='ocrx_word' id='word_1_118' title='bbox 1168 1558 1201 1619; x_wconf 82' lang='grc' dir='ltr'><strong><em>τό</em></strong></span> <span class='ocrx_word' id='word_1_119' title='bbox 1224 1558 1260 1619; x_wconf 91' lang='grc' dir='ltr'><strong><em>έν</em></strong></span> <span class='ocrx_word' id='word_1_120' title='bbox 1283 1561 1455 1638; x_wconf 78' lang='grc' dir='ltr'><strong><em>στρατείαις</em></strong></span> <span class='ocrx_word' id='word_1_121' title='bbox 1477 1557 1701 1635; x_wconf 74' lang='grc' dir='ltr'><strong><em>ἐξεταζόμενον</em></strong></span> <span class='ocrx_word' id='word_1_122' title='bbox 1737 1559 1927 1644; x_wconf 82' lang='grc' dir='ltr'><strong><em>θαυμαστήν</em></strong></span> 
     </span>
     <span class='ocr_line' id='line_1_11' title="bbox 343 1656 1928 1744; baseline 0.002 -22"><span class='ocrx_word' id='word_1_123' title='bbox 343 1661 398 1742; x_wconf 85' lang='grc' dir='ltr'><strong><em>τήν</em></strong></span> <span class='ocrx_word' id='word_1_124' title='bbox 420 1658 606 1724; x_wconf 74' lang='grc' dir='ltr'><strong><em>εὐπείθειαν</em></strong></span> <span class='ocrx_word' id='word_1_125' title='bbox 629 1670 758 1743; x_wconf 79' lang='grc' dir='ltr'><strong><em>παρεῖχε</em></strong></span> <span class='ocrx_word' id='word_1_126' title='bbox 779 1670 842 1733; x_wconf 79' lang='grc' dir='ltr'><strong><em>τοῖς</em></strong></span> <span class='ocrx_word' id='word_1_127' title='bbox 864 1656 1024 1742; x_wconf 76' lang='grc' dir='ltr'><strong><em>ἡγεμόσιν,</em></strong></span> <span class='ocrx_word' id='word_1_128' title='bbox 1048 1659 1091 1733; x_wconf 82' lang='grc' dir='ltr'><strong><em>άς</em></strong></span> <span class='ocrx_word' id='word_1_129' title='bbox 1111 1660 1259 1724; x_wconf 75' lang='grc' dir='ltr'><strong><em>ἐντεῦθεν</em></strong></span> <span class='ocrx_word' id='word_1_130' title='bbox 1282 1663 1466 1741; x_wconf 75' lang='grc' dir='ltr'><strong><em>συμβαίνειν</em></strong></span> <span class='ocrx_word' id='word_1_131' title='bbox 1488 1665 1732 1743; x_wconf 77' lang='grc' dir='ltr'><strong><em>κατορθοῦσθαι</em></strong></span> <span class='ocrx_word' id='word_1_132' title='bbox 1754 1668 1813 1744; x_wconf 75' lang='grc' dir='ltr'><strong><em>μὲν</em></strong></span> <span class='ocrx_word' id='word_1_133' title='bbox 1836 1664 1928 1726; x_wconf 87' lang='grc' dir='ltr'><strong><em>πλεί-</em></strong></span> 
     </span>
     <span class='ocr_line' id='line_1_12' title="bbox 345 1761 1930 1848; baseline 0.001 -22"><span class='ocrx_word' id='word_1_134' title='bbox 345 1781 434 1836; x_wconf 86' lang='grc' dir='ltr'><strong><em>στους</em></strong></span> <span class='ocrx_word' id='word_1_135' title='bbox 456 1762 669 1845; x_wconf 86' lang='grc' dir='ltr'><strong><em>βαρβαρικοῦς</em></strong></span> <span class='ocrx_word' id='word_1_136' title='bbox 690 1764 849 1843; x_wconf 79' lang='grc' dir='ltr'><strong><em>πολέμους</em></strong></span> <span class='ocrx_word' id='word_1_137' title='bbox 870 1761 955 1845; x_wconf 82' lang='grc' dir='ltr'><strong><em>ήμίν,</em></strong></span> <span class='ocrx_word' id='word_1_138' title='bbox 979 1766 1012 1826; x_wconf 88' lang='grc' dir='ltr'><strong><em>τδ</em></strong></span> <span class='ocrx_word' id='word_1_139' title='bbox 1036 1764 1064 1825; x_wconf 90' lang='grc' dir='ltr'><strong><em>δ’</em></strong></span> <span class='ocrx_word' id='word_1_140' title='bbox 1086 1763 1255 1846; x_wconf 81' lang='grc' dir='ltr'><strong><em>ὁμόφυλον</em></strong></span> <span class='ocrx_word' id='word_1_141' title='bbox 1270 1763 1362 1827; x_wconf 85' lang='grc' dir='ltr'><strong><em>α’παν</em></strong></span> <span class='ocrx_word' id='word_1_142' title='bbox 1381 1765 1471 1839; x_wconf 82' lang='grc' dir='ltr'><strong><em>ἄγειν</em></strong></span> <span class='ocrx_word' id='word_1_143' title='bbox 1484 1763 1623 1848; x_wconf 87' lang='grc' dir='ltr'><strong><em>είρήνην,</em></strong></span> <span class='ocrx_word' id='word_1_144' title='bbox 1647 1769 1703 1826; x_wconf 82' lang='grc' dir='ltr'><strong><em>καὶ</em></strong></span> <span class='ocrx_word' id='word_1_145' title='bbox 1715 1769 1792 1845; x_wconf 82' lang='grc' dir='ltr'><strong><em>μετὰ</em></strong></span> <span class='ocrx_word' id='word_1_146' title='bbox 1810 1765 1930 1848; x_wconf 88' lang='grc' dir='ltr'><strong><em>πολλής</em></strong></span> 
     </span>
     <span class='ocr_line' id='line_1_13' title="bbox 343 1864 1929 1951; baseline 0 -21"><span class='ocrx_word' id='word_1_147' title='bbox 343 1871 396 1948; x_wconf 86' lang='grc' dir='ltr'><strong><em>τής</em></strong></span> <span class='ocrx_word' id='word_1_148' title='bbox 419 1867 530 1940; x_wconf 91' lang='grc' dir='ltr'><strong><em>άδείας</em></strong></span> <span class='ocrx_word' id='word_1_149' title='bbox 552 1864 585 1931; x_wconf 86' lang='grc' dir='ltr'><strong><em>τὸ</em></strong></span> <span class='ocrx_word' id='word_1_150' title='bbox 608 1866 720 1930; x_wconf 77' lang='grc' dir='ltr'><strong><em>ἑαυτοῦ</em></strong></span> <span class='ocrx_word' id='word_1_151' title='bbox 742 1868 888 1947; x_wconf 90' lang='grc' dir='ltr'><strong><em>πράττειν</em></strong></span> <span class='ocrx_word' id='word_1_152' title='bbox 910 1869 1051 1941; x_wconf 76' lang='grc' dir='ltr'><strong><em>ἕκαστον,</em></strong></span> <span class='ocrx_word' id='word_1_153' title='bbox 1083 1867 1161 1946; x_wconf 84' lang='grc' dir='ltr'><strong><em>ὅπερ</em></strong></span> <span class='ocrx_word' id='word_1_154' title='bbox 1192 1867 1277 1929; x_wconf 85' lang='grc' dir='ltr'><strong><em>ἴδιον</em></strong></span> <span class='ocrx_word' id='word_1_155' title='bbox 1304 1873 1394 1947; x_wconf 85' lang='grc' dir='ltr'><strong><em>ίσμεν</em></strong></span> <span class='ocrx_word' id='word_1_156' title='bbox 1424 1866 1582 1940; x_wconf 86' lang='grc' dir='ltr'><strong><em>πολιτείας</em></strong></span> <span class='ocrx_word' id='word_1_157' title='bbox 1616 1869 1849 1951; x_wconf 77' lang='grc' dir='ltr'><strong><em>εὐνομουμένης</em></strong></span> <span class='ocrx_word' id='word_1_158' title='bbox 1876 1873 1929 1931; x_wconf 74' lang='grc' dir='ltr'><strong><em>καὶ</em></strong></span> 
     </span>
     <span class='ocr_line' id='line_1_14' title="bbox 345 1966 1929 2054; baseline 0.001 -22"><span class='ocrx_word' id='word_1_159' title='bbox 345 1973 400 2033; x_wconf 88' lang='grc' dir='ltr'><strong><em>τδν</em></strong></span> <span class='ocrx_word' id='word_1_160' title='bbox 422 1971 550 2050; x_wconf 85' lang='grc' dir='ltr'><strong><em>ἄριστον</em></strong></span> <span class='ocrx_word' id='word_1_161' title='bbox 572 1972 691 2050; x_wconf 89' lang='grc' dir='ltr'><strong><em>τρόπον</em></strong></span> <span class='ocrx_word' id='word_1_162' title='bbox 713 1966 776 2032; x_wconf 83' lang='grc' dir='ltr'><strong><em>ῦπδ</em></strong></span> <span class='ocrx_word' id='word_1_163' title='bbox 799 1972 862 2031; x_wconf 76' lang='grc' dir='ltr'><strong><em>ταῖν</em></strong></span> <span class='ocrx_word' id='word_1_164' title='bbox 884 1969 1049 2051; x_wconf 82' lang='grc' dir='ltr'><strong><em>α’ρχδντων</em></strong></span> <span class='ocrx_word' id='word_1_165' title='bbox 1070 1971 1274 2054; x_wconf 84' lang='grc' dir='ltr'><strong><em>ίθυνομένης.</em></strong></span> <span class='ocrx_word' id='word_1_166' title='bbox 1363 1969 1453 2033; x_wconf 62' lang='grc' dir='ltr'><strong><em>θάλλ</em></strong></span> <span class='ocrx_word' id='word_1_167' title='bbox 1476 1971 1604 2054; x_wconf 82' lang='grc' dir='ltr'><strong><em>έπείπερ</em></strong></span> <span class='ocrx_word' id='word_1_168' title='bbox 1627 1969 1685 2034; x_wconf 86' lang='grc' dir='ltr'><strong><em>οδκ</em></strong></span> <span class='ocrx_word' id='word_1_169' title='bbox 1700 1971 1782 2033; x_wconf 79' lang='grc' dir='ltr'><strong><em>ἔστιν</em></strong></span> <span class='ocrx_word' id='word_1_170' title='bbox 1797 1969 1929 2051; x_wconf 88' lang='grc' dir='ltr'><strong><em>άνθρω-</em></strong></span> 
     </span>
     <span class='ocr_line' id='line_1_15' title="bbox 346 2071 1930 2157; baseline 0.001 -22"><span class='ocrx_word' id='word_1_171' title='bbox 346 2077 442 2155; x_wconf 86' lang='grc' dir='ltr'><strong><em>πίνην</em></strong></span> <span class='ocrx_word' id='word_1_172' title='bbox 464 2071 634 2154; x_wconf 86' lang='grc' dir='ltr'><strong><em>εδημερίαν</em></strong></span> <span class='ocrx_word' id='word_1_173' title='bbox 656 2071 831 2153; x_wconf 79' lang='grc' dir='ltr'><strong><em>μετριάζειν</em></strong></span> <span class='ocrx_word' id='word_1_174' title='bbox 851 2073 897 2145; x_wconf 87' lang='grc' dir='ltr'><strong><em>είς</em></strong></span> <span class='ocrx_word' id='word_1_175' title='bbox 918 2073 1015 2147; x_wconf 86' lang='grc' dir='ltr'><strong><em>τέλος,</em></strong></span> <span class='ocrx_word' id='word_1_176' title='bbox 1039 2071 1113 2136; x_wconf 73' lang='grc' dir='ltr'><strong><em>οὐδὲ</em></strong></span> <span class='ocrx_word' id='word_1_177' title='bbox 1131 2077 1224 2153; x_wconf 89' lang='grc' dir='ltr'><strong><em>μέχρι</em></strong></span> <span class='ocrx_word' id='word_1_178' title='bbox 1239 2076 1357 2147; x_wconf 81' lang='grc' dir='ltr'><strong><em>παντὸς</em></strong></span> <span class='ocrx_word' id='word_1_179' title='bbox 1372 2073 1591 2155; x_wconf 79' lang='grc' dir='ltr'><strong><em>άπραγμονείν</em></strong></span> <span class='ocrx_word' id='word_1_180' title='bbox 1605 2075 1660 2157; x_wconf 86' lang='grc' dir='ltr'><strong><em>τήν</em></strong></span> <span class='ocrx_word' id='word_1_181' title='bbox 1675 2073 1800 2156; x_wconf 91' lang='grc' dir='ltr'><strong><em>σχολήν,</em></strong></span> <span class='ocrx_word' id='word_1_182' title='bbox 1824 2074 1930 2149; x_wconf 83' lang='grc' dir='ltr'><strong><em>άλλως</em></strong></span> 
     </span>
     <span class='ocr_line' id='line_1_16' title="bbox 347 2174 1928 2264; baseline -0.001 -24"><span class='ocrx_word' id='word_1_183' title='bbox 347 2200 387 2251; x_wconf 84' lang='grc' dir='ltr'><strong><em>τε,</em></strong></span> <span class='ocrx_word' id='word_1_184' title='bbox 411 2179 472 2239; x_wconf 84' lang='grc' dir='ltr'><strong><em>κάν</em></strong></span> <span class='ocrx_word' id='word_1_185' title='bbox 494 2177 567 2264; x_wconf 82' lang='grc' dir='ltr'><strong><em>τύχη</em></strong></span> <span class='ocrx_word' id='word_1_186' title='bbox 589 2178 632 2256; x_wconf 89' lang='grc' dir='ltr'><strong><em>μή</em></strong></span> <span class='ocrx_word' id='word_1_187' title='bbox 655 2176 751 2251; x_wconf 91' lang='grc' dir='ltr'><strong><em>λόγου</em></strong></span> <span class='ocrx_word' id='word_1_188' title='bbox 773 2176 891 2261; x_wconf 81' lang='grc' dir='ltr'><strong><em>χαλινῷ</em></strong></span> <span class='ocrx_word' id='word_1_189' title='bbox 916 2180 1128 2260; x_wconf 90' lang='grc' dir='ltr'><strong><em>κρατουμένη,</em></strong></span> <span class='ocrx_word' id='word_1_190' title='bbox 1152 2180 1197 2251; x_wconf 88' lang='grc' dir='ltr'><strong><em>τίς</em></strong></span> <span class='ocrx_word' id='word_1_191' title='bbox 1219 2174 1299 2260; x_wconf 80' lang='grc' dir='ltr'><strong><em>α’ρχή</em></strong></span> <span class='ocrx_word' id='word_1_192' title='bbox 1322 2181 1376 2239; x_wconf 91' lang='grc' dir='ltr'><strong><em>τοῦ</em></strong></span> <span class='ocrx_word' id='word_1_193' title='bbox 1399 2179 1513 2254; x_wconf 77' lang='grc' dir='ltr'><strong><em>κακοῦς</em></strong></span> <span class='ocrx_word' id='word_1_194' title='bbox 1544 2182 1598 2237; x_wconf 82' lang='grc' dir='ltr'><strong><em>καὶ</em></strong></span> <span class='ocrx_word' id='word_1_195' title='bbox 1619 2179 1726 2238; x_wconf 90' lang='grc' dir='ltr'><strong><em>πόθεν</em></strong></span> <span class='ocrx_word' id='word_1_196' title='bbox 1747 2180 1784 2261; x_wconf 88' lang='grc' dir='ltr'><strong><em>τῇ</em></strong></span> <span class='ocrx_word' id='word_1_197' title='bbox 1805 2176 1928 2263; x_wconf 84' lang='grc' dir='ltr'><strong><em>γαλήνη</em></strong></span> 
     </span>
     <span class='ocr_line' id='line_1_17' title="bbox 347 2277 1929 2362; baseline 0.003 -20"><span class='ocrx_word' id='word_1_198' title='bbox 347 2282 401 2342; x_wconf 84' lang='grc' dir='ltr'><strong><em>τοῦ</em></strong></span> <span class='ocrx_word' id='word_1_199' title='bbox 424 2282 495 2358; x_wconf 92' lang='grc' dir='ltr'><strong><em>βίου</em></strong></span> <span class='ocrx_word' id='word_1_200' title='bbox 520 2281 523 2359; x_wconf 62' lang='grc' dir='ltr'>ξ</span> <span class='ocrx_word' id='word_1_201' title='bbox 549 2278 566 2361; x_wconf 87' lang='grc' dir='ltr'><strong><em>ή</em></strong></span> <span class='ocrx_word' id='word_1_202' title='bbox 590 2277 679 2361; x_wconf 89' lang='grc' dir='ltr'><strong><em>δεινή</em></strong></span> <span class='ocrx_word' id='word_1_203' title='bbox 701 2302 731 2341; x_wconf 90' lang='grc' dir='ltr'><strong><em>τε</em></strong></span> <span class='ocrx_word' id='word_1_204' title='bbox 753 2283 806 2340; x_wconf 77' lang='grc' dir='ltr'><strong><em>καὶ</em></strong></span> <span class='ocrx_word' id='word_1_205' title='bbox 828 2282 932 2359; x_wconf 89' lang='grc' dir='ltr'><strong><em>βίαιος</em></strong></span> <span class='ocrx_word' id='word_1_206' title='bbox 953 2280 1108 2358; x_wconf 81' lang='grc' dir='ltr'><strong><em>έπέρραξε</em></strong></span> <span class='ocrx_word' id='word_1_207' title='bbox 1131 2279 1264 2354; x_wconf 83' lang='grc' dir='ltr'><strong><em>θύελλα,</em></strong></span> <span class='ocrx_word' id='word_1_208' title='bbox 1290 2280 1305 2361; x_wconf 81' lang='grc' dir='ltr'><strong><em>ή</em></strong></span> <span class='ocrx_word' id='word_1_209' title='bbox 1330 2278 1439 2355; x_wconf 78' lang='grc' dir='ltr'><strong><em>ὀλίγον</em></strong></span> <span class='ocrx_word' id='word_1_210' title='bbox 1458 2279 1584 2362; x_wconf 82' lang='grc' dir='ltr'><strong><em>έδέησεν</em></strong></span> <span class='ocrx_word' id='word_1_211' title='bbox 1600 2278 1783 2362; x_wconf 77' lang='grc' dir='ltr'><strong><em>άνατρέψαι</em></strong></span> <span class='ocrx_word' id='word_1_212' title='bbox 1851 2281 1929 2346; x_wconf 79' lang='lat'>253²</span> 
     </span>
     <span class='ocr_line' id='line_1_18' title="bbox 346 2380 1182 2465; baseline -0.001 -20"><span class='ocrx_word' id='word_1_213' title='bbox 346 2387 457 2445; x_wconf 81' lang='grc' dir='ltr'><strong><em>πᾶσαν</em></strong></span> <span class='ocrx_word' id='word_1_214' title='bbox 479 2383 632 2465; x_wconf 88' lang='grc' dir='ltr'><strong><em>έξαίφνης</em></strong></span> <span class='ocrx_word' id='word_1_215' title='bbox 655 2383 760 2462; x_wconf 75' lang='grc' dir='ltr'><strong><em>ὥσπερ</em></strong></span> <span class='ocrx_word' id='word_1_216' title='bbox 782 2381 906 2464; x_wconf 91' lang='grc' dir='ltr'><strong><em>σκάφος</em></strong></span> <span class='ocrx_word' id='word_1_217' title='bbox 928 2380 982 2463; x_wconf 84' lang='grc' dir='ltr'><strong><em>τήν</em></strong></span> <span class='ocrx_word' id='word_1_218' title='bbox 1005 2382 1182 2460; x_wconf 78' lang='grc' dir='ltr'><strong><em>πολιτείανς</em></strong></span> 
     </span>
    </p>

    <p class='ocr_par' dir='ltr' id='par_1_5' title="bbox 345 2482 1935 4014">
     <span class='ocr_line' id='line_1_19' title="bbox 436 2482 1930 2568; baseline -0.002 -20"><span class='ocrx_word' id='word_1_219' title='bbox 436 2486 655 2568; x_wconf 70' lang='grc' dir='ltr'><strong><em>7Συνειστήκει</em></strong></span> <span class='ocrx_word' id='word_1_220' title='bbox 685 2509 729 2558; x_wconf 92' lang='grc' dir='ltr'><strong><em>τις</em></strong></span> <span class='ocrx_word' id='word_1_221' title='bbox 759 2484 897 2565; x_wconf 89' lang='grc' dir='ltr'><strong><em>πόλεμος</em></strong></span> <span class='ocrx_word' id='word_1_222' title='bbox 928 2483 1095 2566; x_wconf 80' lang='grc' dir='ltr'><strong><em>ὑπερόριος</em></strong></span> <span class='ocrx_word' id='word_1_223' title='bbox 1125 2485 1250 2561; x_wconf 75' lang='grc' dir='ltr'><strong><em>βασιλεῖ</em></strong></span> <span class='ocrx_word' id='word_1_224' title='bbox 1271 2489 1350 2563; x_wconf 83' lang='grc' dir='ltr'><strong><em>πρὸς</em></strong></span> <span class='ocrx_word' id='word_1_225' title='bbox 1384 2487 1453 2556; x_wconf 78' lang='grc' dir='ltr'><strong><em>τοὺς</em></strong></span> <span class='ocrx_word' id='word_1_226' title='bbox 1474 2482 1552 2563; x_wconf 79' lang='grc' dir='ltr'><strong><em>ὑπὲρ</em></strong></span> <span class='ocrx_word' id='word_1_227' title='bbox 1576 2487 1630 2547; x_wconf 84' lang='grc' dir='ltr'><strong><em>τὸν</em></strong></span> <span class='ocrx_word' id='word_1_228' title='bbox 1654 2483 1826 2567; x_wconf 74' lang='grc' dir='ltr'><strong><em>Εὐφράτην</em></strong></span> <span class='ocrx_word' id='word_1_229' title='bbox 1847 2488 1930 2565; x_wconf 84' lang='grc' dir='ltr'><strong><em>βαρ-</em></strong></span> 
     </span>
     <span class='ocr_line' id='line_1_20' title="bbox 346 2585 1931 2672; baseline -0.003 -20"><span class='ocrx_word' id='word_1_230' title='bbox 346 2594 483 2671; x_wconf 88' lang='grc' dir='ltr'><strong><em>βάρους,</em></strong></span> <span class='ocrx_word' id='word_1_231' title='bbox 519 2589 578 2672; x_wconf 76' lang='grc' dir='ltr'><strong><em>η’δη</em></strong></span> <span class='ocrx_word' id='word_1_232' title='bbox 600 2592 660 2668; x_wconf 80' lang='grc' dir='ltr'><strong><em>μὲν</em></strong></span> <span class='ocrx_word' id='word_1_233' title='bbox 682 2592 831 2670; x_wconf 79' lang='grc' dir='ltr'><strong><em>φανερῶς</em></strong></span> <span class='ocrx_word' id='word_1_234' title='bbox 857 2590 911 2660; x_wconf 83' lang='grc' dir='ltr'><strong><em>τάς</em></strong></span> <span class='ocrx_word' id='word_1_235' title='bbox 942 2589 1021 2667; x_wconf 90' lang='grc' dir='ltr'><strong><em>πρδς</em></strong></span> <span class='ocrx_word' id='word_1_236' title='bbox 1044 2586 1139 2651; x_wconf 75' lang='grc' dir='ltr'><strong><em>αἰτόν</em></strong></span> <span class='ocrx_word' id='word_1_237' title='bbox 1162 2589 1326 2668; x_wconf 76' lang='grc' dir='ltr'><strong><em>συνθήκας</em></strong></span> <span class='ocrx_word' id='word_1_238' title='bbox 1349 2585 1557 2667; x_wconf 87' lang='grc' dir='ltr'><strong><em>ήθετηκότας,</em></strong></span> <span class='ocrx_word' id='word_1_239' title='bbox 1591 2585 1650 2667; x_wconf 88' lang='grc' dir='ltr'><strong><em>ήδη</em></strong></span> <span class='ocrx_word' id='word_1_240' title='bbox 1674 2586 1709 2648; x_wconf 82' lang='grc' dir='ltr'><strong><em>δὲ</em></strong></span> <span class='ocrx_word' id='word_1_241' title='bbox 1733 2591 1785 2648; x_wconf 79' lang='grc' dir='ltr'><strong><em>καὶ</em></strong></span> <span class='ocrx_word' id='word_1_242' title='bbox 1807 2591 1931 2665; x_wconf 88' lang='grc' dir='ltr'><strong><em>χωρίων</em></strong></span> 
     </span>
     <span class='ocr_line' id='line_1_21' title="bbox 346 2686 1931 2776; baseline -0.003 -20"><span class='ocrx_word' id='word_1_243' title='bbox 346 2696 440 2756; x_wconf 82' lang='grc' dir='ltr'><strong><em>τινῶν</em></strong></span> <span class='ocrx_word' id='word_1_244' title='bbox 463 2691 634 2773; x_wconf 79' lang='grc' dir='ltr'><strong><em>ῥωμαίκιῦν</em></strong></span> <span class='ocrx_word' id='word_1_245' title='bbox 656 2690 825 2774; x_wconf 88' lang='grc' dir='ltr'><strong><em>άφαιρέσει</em></strong></span> <span class='ocrx_word' id='word_1_246' title='bbox 846 2692 902 2773; x_wconf 88' lang='grc' dir='ltr'><strong><em>τήν</em></strong></span> <span class='ocrx_word' id='word_1_247' title='bbox 924 2689 1025 2773; x_wconf 79' lang='grc' dir='ltr'><strong><em>α’ρχήν</em></strong></span> <span class='ocrx_word' id='word_1_248' title='bbox 1047 2688 1132 2776; x_wconf 77' lang='grc' dir='ltr'><strong><em>αύτῷ</em></strong></span> <span class='ocrx_word' id='word_1_249' title='bbox 1156 2692 1348 2774; x_wconf 81' lang='grc' dir='ltr'><strong><em>ζημιοῦντας,</em></strong></span> <span class='ocrx_word' id='word_1_250' title='bbox 1371 2693 1423 2750; x_wconf 78' lang='grc' dir='ltr'><strong><em>καὶ</em></strong></span> <span class='ocrx_word' id='word_1_251' title='bbox 1440 2686 1594 2761; x_wconf 89' lang='grc' dir='ltr'><strong><em>πολλάκις</em></strong></span> <span class='ocrx_word' id='word_1_252' title='bbox 1615 2693 1674 2768; x_wconf 81' lang='grc' dir='ltr'><strong><em>μὲν</em></strong></span> <span class='ocrx_word' id='word_1_253' title='bbox 1696 2690 1740 2762; x_wconf 82' lang='grc' dir='ltr'><strong><em>είς</em></strong></span> <span class='ocrx_word' id='word_1_254' title='bbox 1762 2689 1931 2769; x_wconf 83' lang='grc' dir='ltr'><strong><em>συμβάσεις</em></strong></span> 
     </span>
     <span class='ocr_line' id='line_1_22' title="bbox 348 2789 1932 2875; baseline -0.002 -16"><span class='ocrx_word' id='word_1_255' title='bbox 348 2795 656 2875; x_wconf 82' lang='grc' dir='ltr'><strong><em>παρακαλουμένους</em></strong></span> <span class='ocrx_word' id='word_1_256' title='bbox 677 2795 832 2869; x_wconf 81' lang='grc' dir='ltr'><strong><em>έπιεικείς,</em></strong></span> <span class='ocrx_word' id='word_1_257' title='bbox 856 2793 951 2857; x_wconf 81' lang='grc' dir='ltr'><strong><em>οῦδὲν</em></strong></span> <span class='ocrx_word' id='word_1_258' title='bbox 973 2794 1008 2856; x_wconf 78' lang='grc' dir='ltr'><strong><em>δὲ</em></strong></span> <span class='ocrx_word' id='word_1_259' title='bbox 1031 2805 1135 2857; x_wconf 75' lang='grc' dir='ltr'><strong><em>ποιεῖν</em></strong></span> <span class='ocrx_word' id='word_1_260' title='bbox 1155 2796 1217 2856; x_wconf 79' lang='grc' dir='ltr'><strong><em>τῶν</em></strong></span> <span class='ocrx_word' id='word_1_261' title='bbox 1238 2797 1370 2873; x_wconf 87' lang='grc' dir='ltr'><strong><em>μετρίων</em></strong></span> <span class='ocrx_word' id='word_1_262' title='bbox 1386 2790 1470 2871; x_wconf 84' lang='grc' dir='ltr'><strong><em>ὅμως</em></strong></span> <span class='ocrx_word' id='word_1_263' title='bbox 1485 2789 1706 2870; x_wconf 80' lang='grc' dir='ltr'><strong><em>άνεχυμένους.</em></strong></span> <span class='ocrx_word' id='word_1_264' title='bbox 1728 2791 1778 2853; x_wconf 77' lang='grc' dir='ltr'><strong><em>ἐπ’</em></strong></span> <span class='ocrx_word' id='word_1_265' title='bbox 1793 2791 1932 2865; x_wconf 77' lang='grc' dir='ltr'><strong><em>ἐκείνους</em></strong></span> 
     </span>
     <span class='ocr_line' id='line_1_23' title="bbox 346 2894 1932 2978; baseline -0.004 -15"><span class='ocrx_word' id='word_1_266' title='bbox 346 2897 406 2963; x_wconf 86' lang='grc' dir='ltr'><strong><em>οῦν</em></strong></span> <span class='ocrx_word' id='word_1_267' title='bbox 428 2904 489 2962; x_wconf 79' lang='grc' dir='ltr'><strong><em>τῶν</em></strong></span> <span class='ocrx_word' id='word_1_268' title='bbox 512 2901 592 2978; x_wconf 86' lang='grc' dir='ltr'><strong><em>πρδς</em></strong></span> <span class='ocrx_word' id='word_1_269' title='bbox 614 2901 655 2961; x_wconf 75' lang='grc' dir='ltr'><strong><em>ἔω</em></strong></span> <span class='ocrx_word' id='word_1_270' title='bbox 677 2901 896 2977; x_wconf 80' lang='grc' dir='ltr'><strong><em>τετραμμένων</em></strong></span> <span class='ocrx_word' id='word_1_271' title='bbox 922 2898 1099 2977; x_wconf 84' lang='grc' dir='ltr'><strong><em>ταγμάτων,</em></strong></span> <span class='ocrx_word' id='word_1_272' title='bbox 1128 2907 1190 2970; x_wconf 71' lang='grc' dir='ltr'><strong><em>τοῖς</em></strong></span> <span class='ocrx_word' id='word_1_273' title='bbox 1220 2897 1255 2958; x_wconf 80' lang='grc' dir='ltr'><strong><em>έν</em></strong></span> <span class='ocrx_word' id='word_1_274' title='bbox 1284 2897 1418 2972; x_wconf 78' lang='grc' dir='ltr'><strong><em>δυσμαῖς</em></strong></span> <span class='ocrx_word' id='word_1_275' title='bbox 1446 2894 1608 2977; x_wconf 85' lang='grc' dir='ltr'><strong><em>έπετράπη</em></strong></span> <span class='ocrx_word' id='word_1_276' title='bbox 1637 2894 1715 2956; x_wconf 84' lang='grc' dir='ltr'><strong><em>κατά</em></strong></span> <span class='ocrx_word' id='word_1_277' title='bbox 1737 2896 1846 2976; x_wconf 84' lang='grc' dir='ltr'><strong><em>χάραν</em></strong></span> <span class='ocrx_word' id='word_1_278' title='bbox 1873 2900 1932 2974; x_wconf 85' lang='grc' dir='ltr'><strong><em>μέ-</em></strong></span> 
     </span>
     <span class='ocr_line' id='line_1_24' title="bbox 351 2995 1930 3083; baseline -0.004 -17"><span class='ocrx_word' id='word_1_279' title='bbox 351 3022 441 3066; x_wconf 91' lang='grc' dir='ltr'><strong><em>νουσι</em></strong></span> <span class='ocrx_word' id='word_1_280' title='bbox 463 3007 539 3075; x_wconf 88' lang='grc' dir='ltr'><strong><em>τέως</em></strong></span> <span class='ocrx_word' id='word_1_281' title='bbox 560 2999 694 3083; x_wconf 85' lang='grc' dir='ltr'><strong><em>ήσυχίαν</em></strong></span> <span class='ocrx_word' id='word_1_282' title='bbox 716 3002 805 3076; x_wconf 82' lang='grc' dir='ltr'><strong><em>ἄγειν</em></strong></span> <span class='ocrx_word' id='word_1_283' title='bbox 827 2999 893 3063; x_wconf 86' lang='grc' dir='ltr'><strong><em>άπὸ</em></strong></span> <span class='ocrx_word' id='word_1_284' title='bbox 916 3003 979 3061; x_wconf 83' lang='grc' dir='ltr'><strong><em>τῶν</em></strong></span> <span class='ocrx_word' id='word_1_285' title='bbox 1001 3000 1126 3062; x_wconf 83' lang='grc' dir='ltr'><strong><em>ὅπλων·</em></strong></span> <span class='ocrx_word' id='word_1_286' title='bbox 1150 3000 1205 3063; x_wconf 81' lang='grc' dir='ltr'><strong><em>οῦκ</em></strong></span> <span class='ocrx_word' id='word_1_287' title='bbox 1221 3001 1404 3076; x_wconf 80' lang='grc' dir='ltr'><strong><em>άναγκαίαν</em></strong></span> <span class='ocrx_word' id='word_1_288' title='bbox 1419 3002 1480 3077; x_wconf 82' lang='grc' dir='ltr'><strong><em>γάρ</em></strong></span> <span class='ocrx_word' id='word_1_289' title='bbox 1496 2997 1654 3080; x_wconf 82' lang='grc' dir='ltr'><strong><em>είναιτήν</em></strong></span> <span class='ocrx_word' id='word_1_290' title='bbox 1675 2995 1779 3060; x_wconf 87' lang='grc' dir='ltr'><strong><em>αῦτιῦν</em></strong></span> <span class='ocrx_word' id='word_1_291' title='bbox 1802 3017 1930 3078; x_wconf 83' lang='grc' dir='ltr'><strong><em>συμμα-</em></strong></span> 
     </span>
     <span class='ocr_line' id='line_1_25' title="bbox 348 3100 1932 3187; baseline -0.003 -19"><span class='ocrx_word' id='word_1_292' title='bbox 348 3111 423 3187; x_wconf 86' lang='grc' dir='ltr'><strong><em>χίαν</em></strong></span> <span class='ocrx_word' id='word_1_293' title='bbox 450 3117 512 3178; x_wconf 82' lang='grc' dir='ltr'><strong><em>τοῖς</em></strong></span> <span class='ocrx_word' id='word_1_294' title='bbox 540 3104 576 3168; x_wconf 81' lang='grc' dir='ltr'><strong><em>έν</em></strong></span> <span class='ocrx_word' id='word_1_295' title='bbox 607 3104 746 3184; x_wconf 81' lang='grc' dir='ltr'><strong><em>πολεμίᾳ</em></strong></span> <span class='ocrx_word' id='word_1_296' title='bbox 768 3104 1028 3184; x_wconf 81' lang='grc' dir='ltr'><strong><em>συστρατιώταις,</em></strong></span> <span class='ocrx_word' id='word_1_297' title='bbox 1064 3103 1107 3177; x_wconf 75' lang='grc' dir='ltr'><strong><em>ὥς</em></strong></span> <span class='ocrx_word' id='word_1_298' title='bbox 1132 3105 1261 3166; x_wconf 69' lang='grc' dir='ltr'><strong><em>ἐκείνων</em></strong></span> <span class='ocrx_word' id='word_1_299' title='bbox 1291 3101 1470 3183; x_wconf 85' lang='grc' dir='ltr'><strong><em>άρκούντων</em></strong></span> <span class='ocrx_word' id='word_1_300' title='bbox 1501 3100 1624 3174; x_wconf 71' lang='grc' dir='ltr'><strong><em>ἑαυτοῖς</em></strong></span> <span class='ocrx_word' id='word_1_301' title='bbox 1652 3104 1732 3179; x_wconf 84' lang='grc' dir='ltr'><strong><em>πρὸς</em></strong></span> <span class='ocrx_word' id='word_1_302' title='bbox 1759 3106 1813 3184; x_wconf 85' lang='grc' dir='ltr'><strong><em>τήν</em></strong></span> <span class='ocrx_word' id='word_1_303' title='bbox 1842 3104 1932 3183; x_wconf 90' lang='grc' dir='ltr'><strong><em>νίκην</em></strong></span> 
     </span>
     <span class='ocr_line' id='line_1_26' title="bbox 346 3205 1931 3291; baseline -0.003 -19"><span class='ocrx_word' id='word_1_304' title='bbox 346 3212 424 3291; x_wconf 82' lang='grc' dir='ltr'><strong><em>μετὰ</em></strong></span> <span class='ocrx_word' id='word_1_305' title='bbox 447 3212 498 3290; x_wconf 87' lang='grc' dir='ltr'><strong><em>τής</em></strong></span> <span class='ocrx_word' id='word_1_306' title='bbox 520 3213 573 3271; x_wconf 87' lang='grc' dir='ltr'><strong><em>τοῦ</em></strong></span> <span class='ocrx_word' id='word_1_307' title='bbox 589 3210 759 3287; x_wconf 91' lang='grc' dir='ltr'><strong><em>κρείττονος</em></strong></span> <span class='ocrx_word' id='word_1_308' title='bbox 775 3206 916 3280; x_wconf 88' lang='grc' dir='ltr'><strong><em>νεύσεως,</em></strong></span> <span class='ocrx_word' id='word_1_309' title='bbox 932 3246 959 3252; x_wconf 92' lang='grc'>-</span> <span class='ocrx_word' id='word_1_310' title='bbox 977 3206 1034 3286; x_wconf 79' lang='grc' dir='ltr'><strong><em>οὐχ</em></strong></span> <span class='ocrx_word' id='word_1_311' title='bbox 1049 3206 1157 3288; x_wconf 80' lang='grc' dir='ltr'><strong><em>ἥκιστα</em></strong></span> <span class='ocrx_word' id='word_1_312' title='bbox 1174 3206 1209 3268; x_wconf 84' lang='grc' dir='ltr'><strong><em>δὲ</em></strong></span> <span class='ocrx_word' id='word_1_313' title='bbox 1225 3210 1278 3267; x_wconf 81' lang='grc' dir='ltr'><strong><em>καὶ</em></strong></span> <span class='ocrx_word' id='word_1_314' title='bbox 1294 3205 1440 3288; x_wconf 77' lang='grc' dir='ltr'><strong><em>φυλακῆς</em></strong></span> <span class='ocrx_word' id='word_1_315' title='bbox 1454 3210 1546 3268; x_wconf 73' lang='grc' dir='ltr'><strong><em>ἕνεκα</em></strong></span> <span class='ocrx_word' id='word_1_316' title='bbox 1562 3208 1623 3269; x_wconf 80' lang='grc' dir='ltr'><strong><em>τιῦν</em></strong></span> <span class='ocrx_word' id='word_1_317' title='bbox 1638 3207 1710 3289; x_wconf 85' lang='grc' dir='ltr'><strong><em>τήδε</em></strong></span> <span class='ocrx_word' id='word_1_318' title='bbox 1725 3205 1931 3289; x_wconf 87' lang='grc' dir='ltr'><strong><em>πραγμάτων,</em></strong></span> 
     </span>
     <span class='ocr_line' id='line_1_27' title="bbox 347 3308 1932 3394; baseline -0.003 -18"><span class='ocrx_word' id='word_1_319' title='bbox 347 3311 391 3387; x_wconf 74' lang='grc' dir='ltr'><strong><em>τίς</em></strong></span> <span class='ocrx_word' id='word_1_320' title='bbox 413 3315 455 3375; x_wconf 82' lang='grc' dir='ltr'><strong><em>σίν</em></strong></span> <span class='ocrx_word' id='word_1_321' title='bbox 477 3311 687 3394; x_wconf 83' lang='grc' dir='ltr'><strong><em>έφεδρεύοιεν,</em></strong></span> <span class='ocrx_word' id='word_1_322' title='bbox 709 3310 852 3375; x_wconf 71' lang='grc' dir='ltr'><strong><em>ἐνταῦθα</em></strong></span> <span class='ocrx_word' id='word_1_323' title='bbox 875 3310 1119 3392; x_wconf 81' lang='grc' dir='ltr'><strong><em>καθιδρυμένοι,</em></strong></span> <span class='ocrx_word' id='word_1_324' title='bbox 1142 3311 1223 3390; x_wconf 85' lang='grc' dir='ltr'><strong><em>πρὸς</em></strong></span> <span class='ocrx_word' id='word_1_325' title='bbox 1244 3311 1281 3371; x_wconf 82' lang='grc' dir='ltr'><strong><em>τά</em></strong></span> <span class='ocrx_word' id='word_1_326' title='bbox 1304 3312 1379 3389; x_wconf 88' lang='grc' dir='ltr'><strong><em>παρ’</em></strong></span> <span class='ocrx_word' id='word_1_327' title='bbox 1395 3309 1512 3372; x_wconf 83' lang='grc' dir='ltr'><strong><em>έλπίδα</em></strong></span> <span class='ocrx_word' id='word_1_328' title='bbox 1528 3308 1683 3394; x_wconf 73' lang='grc' dir='ltr'><strong><em>κινήματα</em></strong></span> <span class='ocrx_word' id='word_1_329' title='bbox 1698 3313 1760 3372; x_wconf 81' lang='grc' dir='ltr'><strong><em>τεῦν</em></strong></span> <span class='ocrx_word' id='word_1_330' title='bbox 1781 3310 1835 3372; x_wconf 79' lang='grc' dir='ltr'><strong><em>έπὶ</em></strong></span> <span class='ocrx_word' id='word_1_331' title='bbox 1856 3310 1932 3372; x_wconf 89' lang='grc' dir='ltr'><strong><em>τάδε</em></strong></span> 
     </span>
     <span class='ocr_line' id='line_1_28' title="bbox 346 3411 1933 3501; baseline -0.003 -23"><span class='ocrx_word' id='word_1_332' title='bbox 346 3417 542 3498; x_wconf 90' lang='grc' dir='ltr'><strong><em>βαρβάρων·</em></strong></span> <span class='ocrx_word' id='word_1_333' title='bbox 566 3418 598 3476; x_wconf 91' lang='grc' dir='ltr'><strong><em>τδ</em></strong></span> <span class='ocrx_word' id='word_1_334' title='bbox 624 3413 651 3475; x_wconf 92' lang='grc' dir='ltr'><strong><em>δ’</em></strong></span> <span class='ocrx_word' id='word_1_335' title='bbox 674 3412 893 3496; x_wconf 88' lang='grc' dir='ltr'><strong><em>άληθέστατον</em></strong></span> <span class='ocrx_word' id='word_1_336' title='bbox 915 3415 1054 3488; x_wconf 89' lang='grc' dir='ltr'><strong><em>πάντων,</em></strong></span> <span class='ocrx_word' id='word_1_337' title='bbox 1075 3411 1222 3501; x_wconf 80' lang='grc' dir='ltr'><strong><em>βασιλικῇ</em></strong></span> <span class='ocrx_word' id='word_1_338' title='bbox 1246 3412 1473 3495; x_wconf 79' lang='grc' dir='ltr'><strong><em>κατεχρήσαντο</em></strong></span> <span class='ocrx_word' id='word_1_339' title='bbox 1490 3413 1599 3495; x_wconf 77' lang='grc' dir='ltr'><strong><em>φειδοῖ</em></strong></span> <span class='ocrx_word' id='word_1_340' title='bbox 1619 3416 1673 3475; x_wconf 73' lang='grc' dir='ltr'><strong><em>καὶ</em></strong></span> <span class='ocrx_word' id='word_1_341' title='bbox 1687 3411 1933 3496; x_wconf 78' lang='grc' dir='ltr'><strong><em>φιλανθρωπίᾳ,</em></strong></span> 
     </span>
     <span class='ocr_line' id='line_1_29' title="bbox 350 3515 1933 3606; baseline -0.002 -24"><span class='ocrx_word' id='word_1_342' title='bbox 350 3521 354 3606; x_wconf 74' lang='grc'>1</span> <span class='ocrx_word' id='word_1_343' title='bbox 380 3522 481 3603; x_wconf 79' lang='grc' dir='ltr'><strong><em>ῇτοτς</em></strong></span> <span class='ocrx_word' id='word_1_344' title='bbox 503 3521 582 3580; x_wconf 83' lang='grc' dir='ltr'><strong><em>πᾶσι</em></strong></span> <span class='ocrx_word' id='word_1_345' title='bbox 604 3518 641 3579; x_wconf 81' lang='grc' dir='ltr'><strong><em>τά</em></strong></span> <span class='ocrx_word' id='word_1_346' title='bbox 666 3517 770 3579; x_wconf 89' lang='grc' dir='ltr'><strong><em>πάντα</em></strong></span> <span class='ocrx_word' id='word_1_347' title='bbox 793 3517 959 3598; x_wconf 79' lang='grc' dir='ltr'><strong><em>γινομένη*</em></strong></span> <span class='ocrx_word' id='word_1_348' title='bbox 977 3516 1031 3578; x_wconf 85' lang='grc' dir='ltr'><strong><em>διά</em></strong></span> <span class='ocrx_word' id='word_1_349' title='bbox 1048 3515 1245 3598; x_wconf 90' lang='grc' dir='ltr'><strong><em>χρηστότητα,</em></strong></span> <span class='ocrx_word' id='word_1_350' title='bbox 1272 3520 1325 3576; x_wconf 78' lang='grc' dir='ltr'><strong><em>καὶ</em></strong></span> <span class='ocrx_word' id='word_1_351' title='bbox 1339 3518 1459 3589; x_wconf 87' lang='grc' dir='ltr'><strong><em>τούτοις</em></strong></span> <span class='ocrx_word' id='word_1_352' title='bbox 1470 3516 1568 3598; x_wconf 85' lang='grc' dir='ltr'><strong><em>έφήκε</em></strong></span> <span class='ocrx_word' id='word_1_353' title='bbox 1584 3515 1790 3596; x_wconf 82' lang='grc' dir='ltr'><strong><em>βουλομένοις</em></strong></span> <span class='ocrx_word' id='word_1_354' title='bbox 1854 3516 1933 3581; x_wconf 79' lang='lat'>254¹</span> 
     </span>
     <span class='ocr_line' id='line_1_30' title="bbox 347 3616 1934 3703; baseline -0.004 -17"><span class='ocrx_word' id='word_1_355' title='bbox 347 3627 431 3686; x_wconf 83' lang='grc' dir='ltr'><strong><em>οίκοι</em></strong></span> <span class='ocrx_word' id='word_1_356' title='bbox 454 3623 592 3698; x_wconf 81' lang='grc' dir='ltr'><strong><em>διάγειν·</em></strong></span> <span class='ocrx_word' id='word_1_357' title='bbox 623 3626 675 3682; x_wconf 79' lang='grc' dir='ltr'>καί</span> <span class='ocrx_word' id='word_1_358' title='bbox 705 3623 787 3686; x_wconf 90' lang='grc' dir='ltr'><strong><em>ταῦτ’</em></strong></span> <span class='ocrx_word' id='word_1_359' title='bbox 809 3622 896 3703; x_wconf 78' lang='grc' dir='ltr'><strong><em>εἴπερ</em></strong></span> <span class='ocrx_word' id='word_1_360' title='bbox 926 3619 1025 3702; x_wconf 79' lang='grc' dir='ltr'><strong><em>ἤθελε</em></strong></span> <span class='ocrx_word' id='word_1_361' title='bbox 1054 3630 1151 3681; x_wconf 82' lang='grc' dir='ltr'><strong><em>κινεῖν</em></strong></span> <span class='ocrx_word' id='word_1_362' title='bbox 1180 3643 1210 3682; x_wconf 90' lang='grc' dir='ltr'><strong><em>τε</em></strong></span> <span class='ocrx_word' id='word_1_363' title='bbox 1240 3623 1292 3681; x_wconf 77' lang='grc' dir='ltr'><strong><em>καὶ</em></strong></span> <span class='ocrx_word' id='word_1_364' title='bbox 1315 3619 1448 3700; x_wconf 89' lang='grc' dir='ltr'><strong><em>τρύχειν,</em></strong></span> <span class='ocrx_word' id='word_1_365' title='bbox 1482 3617 1537 3682; x_wconf 73' lang='grc' dir='ltr'><strong><em>οῦκ</em></strong></span> <span class='ocrx_word' id='word_1_366' title='bbox 1561 3621 1603 3680; x_wconf 85' lang='grc' dir='ltr'><strong><em>άν</em></strong></span> <span class='ocrx_word' id='word_1_367' title='bbox 1625 3617 1694 3681; x_wconf 78' lang='grc' dir='ltr'><strong><em>οὐδ’</em></strong></span> <span class='ocrx_word' id='word_1_368' title='bbox 1716 3617 1838 3680; x_wconf 74' lang='grc' dir='ltr'><strong><em>ἐνθάδε</em></strong></span> <span class='ocrx_word' id='word_1_369' title='bbox 1861 3616 1934 3680; x_wconf 87' lang='grc' dir='ltr'><strong><em>δια-</em></strong></span> 
     </span>
     <span class='ocr_line' id='line_1_31' title="bbox 347 3722 1935 3807; baseline -0.002 -19"><span class='ocrx_word' id='word_1_370' title='bbox 347 3731 512 3807; x_wconf 89' lang='grc' dir='ltr'><strong><em>μαρτοῦσα</em></strong></span> <span class='ocrx_word' id='word_1_371' title='bbox 534 3728 743 3807; x_wconf 90' lang='grc' dir='ltr'><strong><em>προφάσεως,</em></strong></span> <span class='ocrx_word' id='word_1_372' title='bbox 775 3726 829 3788; x_wconf 86' lang='grc' dir='ltr'><strong><em>τοῦ</em></strong></span> <span class='ocrx_word' id='word_1_373' title='bbox 852 3724 940 3805; x_wconf 80' lang='grc' dir='ltr'><strong><em>παρὰ</em></strong></span> <span class='ocrx_word' id='word_1_374' title='bbox 965 3723 1019 3785; x_wconf 86' lang='grc' dir='ltr'><strong><em>τόν</em></strong></span> <span class='ocrx_word' id='word_1_375' title='bbox 1033 3722 1151 3803; x_wconf 86' lang='grc' dir='ltr'><strong><em>Ἴστρον</em></strong></span> <span class='ocrx_word' id='word_1_376' title='bbox 1172 3726 1369 3803; x_wconf 83' lang='grc' dir='ltr'><strong><em>βαρβαρικοῦ</em></strong></span> <span class='ocrx_word' id='word_1_377' title='bbox 1391 3722 1427 3786; x_wconf 78' lang='grc' dir='ltr'><strong><em>οὗ</em></strong></span> <span class='ocrx_word' id='word_1_378' title='bbox 1447 3725 1544 3803; x_wconf 83' lang='grc' dir='ltr'><strong><em>μικρά</em></strong></span> <span class='ocrx_word' id='word_1_379' title='bbox 1569 3726 1740 3795; x_wconf 88' lang='grc' dir='ltr'><strong><em>κακοῦντος</em></strong></span> <span class='ocrx_word' id='word_1_380' title='bbox 1760 3723 1858 3784; x_wconf 83' lang='grc' dir='ltr'><strong><em>ένίοτε</em></strong></span> <span class='ocrx_word' id='word_1_381' title='bbox 1880 3725 1935 3805; x_wconf 87' lang='grc' dir='ltr'><strong><em>τήν</em></strong></span> 
     </span>
     <span class='ocr_line' id='line_1_32' title="bbox 345 3823 1934 3916; baseline -0.005 -24"><span class='ocrx_word' id='word_1_382' title='bbox 345 3835 472 3908; x_wconf 87' lang='grc' dir='ltr'><strong><em>γείτονα</em></strong></span> <span class='ocrx_word' id='word_1_383' title='bbox 497 3830 630 3912; x_wconf 79' lang='grc' dir='ltr'><strong><em>Θράκην</em></strong></span> <span class='ocrx_word' id='word_1_384' title='bbox 653 3827 831 3916; x_wconf 78' lang='grc' dir='ltr'><strong><em>ληστρικαίς</em></strong></span> <span class='ocrx_word' id='word_1_385' title='bbox 851 3825 1022 3907; x_wconf 81' lang='grc' dir='ltr'><strong><em>έκδρομαῖς</em></strong></span> <span class='ocrx_word' id='word_1_386' title='bbox 1044 3829 1098 3886; x_wconf 76' lang='grc' dir='ltr'><strong><em>καὶ</em></strong></span> <span class='ocrx_word' id='word_1_387' title='bbox 1119 3826 1320 3907; x_wconf 89' lang='grc' dir='ltr'><strong><em>παραβόλοις</em></strong></span> <span class='ocrx_word' id='word_1_388' title='bbox 1343 3824 1491 3907; x_wconf 73' lang='grc' dir='ltr'><strong><em>ἐφόδοις,</em></strong></span> <span class='ocrx_word' id='word_1_389' title='bbox 1526 3829 1567 3887; x_wconf 75' lang='grc' dir='ltr'><strong><em>ἵν’</em></strong></span> <span class='ocrx_word' id='word_1_390' title='bbox 1587 3828 1672 3889; x_wconf 78' lang='grc' dir='ltr'><strong><em>ἐάσω</em></strong></span> <span class='ocrx_word' id='word_1_391' title='bbox 1706 3826 1742 3886; x_wconf 86' lang='grc' dir='ltr'><strong><em>τά</em></strong></span> <span class='ocrx_word' id='word_1_392' title='bbox 1765 3823 1857 3903; x_wconf 88' lang='grc' dir='ltr'><strong><em>μείζω</em></strong></span> <span class='ocrx_word' id='word_1_393' title='bbox 1881 3830 1934 3885; x_wconf 74' lang='grc' dir='ltr'><strong><em>καί</em></strong></span> 
     </span>
     <span class='ocr_line' id='line_1_33' title="bbox 348 3927 1935 4014; baseline -0.002 -17"><span class='ocrx_word' id='word_1_394' title='bbox 348 3934 512 4014; x_wconf 88' lang='grc' dir='ltr'><strong><em>βιαιότερα</em></strong></span> <span class='ocrx_word' id='word_1_395' title='bbox 534 3936 596 3995; x_wconf 80' lang='grc' dir='ltr'><strong><em>τῶν</em></strong></span> <span class='ocrx_word' id='word_1_396' title='bbox 619 3931 858 4011; x_wconf 84' lang='grc' dir='ltr'><strong><em>δοσμικωτέρων</em></strong></span> <span class='ocrx_word' id='word_1_397' title='bbox 879 3930 999 4004; x_wconf 80' lang='grc' dir='ltr'><strong><em>έθνιῦν,</em></strong></span> <span class='ocrx_word' id='word_1_398' title='bbox 1023 3927 1067 4002; x_wconf 87' lang='grc' dir='ltr'><strong><em>οίς</em></strong></span> <span class='ocrx_word' id='word_1_399' title='bbox 1089 3927 1194 3991; x_wconf 87' lang='grc' dir='ltr'><strong><em>πολλά</em></strong></span> <span class='ocrx_word' id='word_1_400' title='bbox 1217 3935 1270 3990; x_wconf 80' lang='grc' dir='ltr'><strong><em>καὶ</em></strong></span> <span class='ocrx_word' id='word_1_401' title='bbox 1292 3929 1444 4000; x_wconf 89' lang='grc' dir='ltr'><strong><em>πολλάκις</em></strong></span> <span class='ocrx_word' id='word_1_402' title='bbox 1467 3928 1666 4010; x_wconf 86' lang='grc' dir='ltr'><strong><em>ήῬωμαίων</em></strong></span> <span class='ocrx_word' id='word_1_403' title='bbox 1687 3928 1935 4010; x_wconf 81' lang='grc' dir='ltr'><strong><em>παρενοχλετται.</em></strong></span> 
     </span>
    </p>

    <p class='ocr_par' dir='ltr' id='par_1_6' title="bbox 343 4030 1937 4744">
     <span class='ocr_line' id='line_1_34' title="bbox 438 4030 1937 4116; baseline -0.002 -18"><span class='ocrx_word' id='word_1_404' title='bbox 438 4035 534 4099; x_wconf 66' lang='grc' dir='ltr'><strong><em>θάλλ</em></strong></span> <span class='ocrx_word' id='word_1_405' title='bbox 558 4034 614 4115; x_wconf 80' lang='grc' dir='ltr'><strong><em>ούχ</em></strong></span> <span class='ocrx_word' id='word_1_406' title='bbox 637 4030 726 4107; x_wconf 77' lang='grc' dir='ltr'><strong><em>οὗτος</em></strong></span> <span class='ocrx_word' id='word_1_407' title='bbox 748 4033 765 4096; x_wconf 89' lang='grc' dir='ltr'><strong><em>δ</em></strong></span> <span class='ocrx_word' id='word_1_408' title='bbox 789 4035 907 4114; x_wconf 88' lang='grc' dir='ltr'><strong><em>τρόπος</em></strong></span> <span class='ocrx_word' id='word_1_409' title='bbox 928 4037 982 4096; x_wconf 89' lang='grc' dir='ltr'><strong><em>τοῦ</em></strong></span> <span class='ocrx_word' id='word_1_410' title='bbox 1004 4037 1135 4116; x_wconf 91' lang='grc' dir='ltr'><strong><em>χρηστοῦ</em></strong></span> <span class='ocrx_word' id='word_1_411' title='bbox 1157 4032 1329 4111; x_wconf 89' lang='grc' dir='ltr'><strong><em>βασιλέως,</em></strong></span> <span class='ocrx_word' id='word_1_412' title='bbox 1363 4030 1435 4093; x_wconf 75' lang='grc' dir='ltr'><strong><em>ἀλλ’</em></strong></span> <span class='ocrx_word' id='word_1_413' title='bbox 1458 4031 1588 4110; x_wconf 80' lang='grc' dir='ltr'><strong><em>ὁμαλῶς</em></strong></span> <span class='ocrx_word' id='word_1_414' title='bbox 1610 4039 1664 4094; x_wconf 80' lang='grc' dir='ltr'><strong><em>καὶ</em></strong></span> <span class='ocrx_word' id='word_1_415' title='bbox 1686 4031 1820 4107; x_wconf 83' lang='grc' dir='ltr'><strong><em>α’λύπως</em></strong></span> <span class='ocrx_word' id='word_1_416' title='bbox 1842 4071 1885 4080; x_wconf 90' lang='lat'>-</span> <span class='ocrx_word' id='word_1_417' title='bbox 1906 4037 1937 4095; x_wconf 82' lang='grc' dir='ltr'><strong><em>εί</em></strong></span> 
     </span>
     <span class='ocr_line' id='line_1_35' title="bbox 349 4134 1933 4219; baseline -0.005 -14"><span class='ocrx_word' id='word_1_418' title='bbox 349 4164 393 4215; x_wconf 89' lang='grc' dir='ltr'><strong><em>τις</em></strong></span> <span class='ocrx_word' id='word_1_419' title='bbox 415 4140 513 4214; x_wconf 83' lang='grc' dir='ltr'><strong><em>ἄλλος</em></strong></span> <span class='ocrx_word' id='word_1_420' title='bbox 543 4143 605 4202; x_wconf 86' lang='grc' dir='ltr'><strong><em>τιῦν</em></strong></span> <span class='ocrx_word' id='word_1_421' title='bbox 634 4137 760 4199; x_wconf 80' lang='grc' dir='ltr'><strong><em>πώποτε</em></strong></span> <span class='ocrx_word' id='word_1_422' title='bbox 785 4175 820 4185; x_wconf 95' lang='grc'>-</span> <span class='ocrx_word' id='word_1_423' title='bbox 846 4139 901 4219; x_wconf 87' lang='grc' dir='ltr'><strong><em>τήν</em></strong></span> <span class='ocrx_word' id='word_1_424' title='bbox 922 4136 1024 4219; x_wconf 80' lang='grc' dir='ltr'><strong><em>α’ρχήν</em></strong></span> <span class='ocrx_word' id='word_1_425' title='bbox 1043 4134 1151 4198; x_wconf 77' lang='grc' dir='ltr'><strong><em>ἐθέλει</em></strong></span> <span class='ocrx_word' id='word_1_426' title='bbox 1173 4134 1462 4215; x_wconf 83' lang='grc' dir='ltr'><strong><em>μεταχειρίζεσθαι,</em></strong></span> <span class='ocrx_word' id='word_1_427' title='bbox 1495 4134 1587 4209; x_wconf 82' lang='grc' dir='ltr'><strong><em>είδιῦς</em></strong></span> <span class='ocrx_word' id='word_1_428' title='bbox 1609 4135 1642 4198; x_wconf 86' lang='grc' dir='ltr'><strong><em>τὸ</em></strong></span> <span class='ocrx_word' id='word_1_429' title='bbox 1665 4139 1725 4217; x_wconf 79' lang='grc' dir='ltr'><strong><em>μὲν</em></strong></span> <span class='ocrx_word' id='word_1_430' title='bbox 1746 4139 1854 4216; x_wconf 90' lang='grc' dir='ltr'><strong><em>βίαιον</em></strong></span> <span class='ocrx_word' id='word_1_431' title='bbox 1876 4136 1933 4199; x_wconf 86' lang='grc' dir='ltr'><strong><em>οδκ</em></strong></span> 
     </span>
     <span class='ocr_line' id='line_1_36' title="bbox 343 4236 1932 4326; baseline -0.004 -18"><span class='ocrx_word' id='word_1_432' title='bbox 343 4247 489 4326; x_wconf 68' lang='grc' dir='ltr'><strong><em>ἔμμονον</em></strong></span> <span class='ocrx_word' id='word_1_433' title='bbox 511 4242 584 4307; x_wconf 77' lang='grc' dir='ltr'><strong><em>οὐδὲ</em></strong></span> <span class='ocrx_word' id='word_1_434' title='bbox 605 4244 747 4322; x_wconf 88' lang='grc' dir='ltr'><strong><em>βέβαιον,</em></strong></span> <span class='ocrx_word' id='word_1_435' title='bbox 770 4242 803 4302; x_wconf 89' lang='grc' dir='ltr'><strong><em>τδ</em></strong></span> <span class='ocrx_word' id='word_1_436' title='bbox 827 4239 863 4302; x_wconf 74' lang='grc' dir='ltr'><strong><em>δὲ</em></strong></span> <span class='ocrx_word' id='word_1_437' title='bbox 886 4243 1000 4302; x_wconf 79' lang='grc' dir='ltr'><strong><em>πειθοῖ</em></strong></span> <span class='ocrx_word' id='word_1_438' title='bbox 1019 4239 1144 4319; x_wconf 83' lang='grc' dir='ltr'><strong><em>μᾶλλον</em></strong></span> <span class='ocrx_word' id='word_1_439' title='bbox 1168 4239 1256 4314; x_wconf 86' lang='grc' dir='ltr'><strong><em>άγειν</em></strong></span> <span class='ocrx_word' id='word_1_440' title='bbox 1273 4236 1510 4316; x_wconf 83' lang='grc' dir='ltr'><strong><em>άνυσιμοίτερδν</em></strong></span> <span class='ocrx_word' id='word_1_441' title='bbox 1526 4260 1592 4311; x_wconf 93' lang='grc' dir='ltr'><strong><em>πως</em></strong></span> <span class='ocrx_word' id='word_1_442' title='bbox 1616 4244 1670 4301; x_wconf 80' lang='grc' dir='ltr'><strong><em>καὶ</em></strong></span> <span class='ocrx_word' id='word_1_443' title='bbox 1684 4237 1932 4322; x_wconf 84' lang='grc' dir='ltr'><strong><em>άσφαλέστερον,</em></strong></span> 
     </span>
     <span class='ocr_line' id='line_1_37' title="bbox 348 4339 1933 4429; baseline -0.004 -18"><span class='ocrx_word' id='word_1_444' title='bbox 348 4354 402 4411; x_wconf 86' lang='grc' dir='ltr'><strong><em>καί</em></strong></span> <span class='ocrx_word' id='word_1_445' title='bbox 426 4349 459 4411; x_wconf 88' lang='grc' dir='ltr'><strong><em>τδ</em></strong></span> <span class='ocrx_word' id='word_1_446' title='bbox 482 4351 541 4427; x_wconf 78' lang='grc' dir='ltr'><strong><em>μὲν</em></strong></span> <span class='ocrx_word' id='word_1_447' title='bbox 563 4344 707 4429; x_wconf 78' lang='grc' dir='ltr'><strong><em>σφοδρόν</em></strong></span> <span class='ocrx_word' id='word_1_448' title='bbox 736 4348 790 4405; x_wconf 85' lang='grc' dir='ltr'><strong><em>καί</em></strong></span> <span class='ocrx_word' id='word_1_449' title='bbox 811 4341 983 4406; x_wconf 81' lang='grc' dir='ltr'><strong><em>άνένδοτον</em></strong></span> <span class='ocrx_word' id='word_1_450' title='bbox 1011 4341 1199 4424; x_wconf 81' lang='grc' dir='ltr'><strong><em>τυραννικόν</em></strong></span> <span class='ocrx_word' id='word_1_451' title='bbox 1227 4347 1281 4404; x_wconf 76' lang='grc' dir='ltr'><strong><em>καὶ</em></strong></span> <span class='ocrx_word' id='word_1_452' title='bbox 1303 4339 1499 4415; x_wconf 89' lang='grc' dir='ltr'><strong><em>δεσποτικόν,</em></strong></span> <span class='ocrx_word' id='word_1_453' title='bbox 1531 4344 1563 4403; x_wconf 76' lang='grc' dir='ltr'><strong><em>τι)</em></strong></span> <span class='ocrx_word' id='word_1_454' title='bbox 1597 4341 1627 4403; x_wconf 83' lang='grc' dir='ltr'><strong><em>δ’</em></strong></span> <span class='ocrx_word' id='word_1_455' title='bbox 1654 4343 1789 4418; x_wconf 72' lang='grc' dir='ltr'><strong><em>ἐπιεικὲς</em></strong></span> <span class='ocrx_word' id='word_1_456' title='bbox 1818 4345 1872 4406; x_wconf 81' lang='grc' dir='ltr'><strong><em>καί</em></strong></span> <span class='ocrx_word' id='word_1_457' title='bbox 1900 4346 1933 4405; x_wconf 84' lang='grc' dir='ltr'><strong><em>τδ</em></strong></span> 
     </span>
     <span class='ocr_line' id='line_1_38' title="bbox 346 4444 1934 4536; baseline -0.005 -21"><span class='ocrx_word' id='word_1_458' title='bbox 346 4456 474 4536; x_wconf 81' lang='grc' dir='ltr'><strong><em>μέτριον</em></strong></span> <span class='ocrx_word' id='word_1_459' title='bbox 495 4449 662 4531; x_wconf 89' lang='grc' dir='ltr'><strong><em>βασιλικόν</em></strong></span> <span class='ocrx_word' id='word_1_460' title='bbox 685 4451 791 4510; x_wconf 75' lang='grc' dir='ltr'><strong><em>τεκαὶ</em></strong></span> <span class='ocrx_word' id='word_1_461' title='bbox 814 4447 978 4527; x_wconf 87' lang='grc' dir='ltr'><strong><em>πατρικόν,</em></strong></span> <span class='ocrx_word' id='word_1_462' title='bbox 1002 4447 1080 4507; x_wconf 86' lang='grc' dir='ltr'><strong><em>καθ’</em></strong></span> <span class='ocrx_word' id='word_1_463' title='bbox 1105 4445 1126 4507; x_wconf 80' lang='grc' dir='ltr'><strong><em>ά</em></strong></span> <span class='ocrx_word' id='word_1_464' title='bbox 1149 4450 1202 4507; x_wconf 79' lang='grc' dir='ltr'><strong><em>καί</em></strong></span> <span class='ocrx_word' id='word_1_465' title='bbox 1224 4446 1279 4508; x_wconf 83' lang='grc' dir='ltr'><strong><em>τόν</em></strong></span> <span class='ocrx_word' id='word_1_466' title='bbox 1293 4445 1413 4525; x_wconf 90' lang='grc' dir='ltr'><strong><em>κόσμον</em></strong></span> <span class='ocrx_word' id='word_1_467' title='bbox 1428 4444 1491 4509; x_wconf 85' lang='grc' dir='ltr'><strong><em>ῦπδ</em></strong></span> <span class='ocrx_word' id='word_1_468' title='bbox 1509 4449 1589 4508; x_wconf 85' lang='grc' dir='ltr'><strong><em>θεοῦ</em></strong></span> <span class='ocrx_word' id='word_1_469' title='bbox 1605 4445 1799 4510; x_wconf 71' lang='grc' dir='ltr'><strong><em>διοικεῖσθαι</em></strong></span> <span class='ocrx_word' id='word_1_470' title='bbox 1816 4445 1934 4510; x_wconf 84' lang='grc' dir='ltr'><strong><em>οῦδένα</em></strong></span> 
     </span>
     <span class='ocr_line' id='line_1_39' title="bbox 348 4545 1931 4639; baseline -0.004 -20"><span class='ocrx_word' id='word_1_471' title='bbox 348 4558 428 4639; x_wconf 81' lang='grc' dir='ltr'><strong><em>πρός</em></strong></span> <span class='ocrx_word' id='word_1_472' title='bbox 449 4558 525 4635; x_wconf 89' lang='grc' dir='ltr'><strong><em>βίαν</em></strong></span> <span class='ocrx_word' id='word_1_473' title='bbox 548 4555 612 4619; x_wconf 76' lang='grc' dir='ltr'><strong><em>οὔτ’</em></strong></span> <span class='ocrx_word' id='word_1_474' title='bbox 635 4553 767 4629; x_wconf 82' lang='grc' dir='ltr'><strong><em>ἄγοντος</em></strong></span> <span class='ocrx_word' id='word_1_475' title='bbox 789 4551 851 4613; x_wconf 86' lang='grc' dir='ltr'><strong><em>σῦκ’</em></strong></span> <span class='ocrx_word' id='word_1_476' title='bbox 874 4551 964 4626; x_wconf 82' lang='grc' dir='ltr'><strong><em>ἄγειν</em></strong></span> <span class='ocrx_word' id='word_1_477' title='bbox 985 4549 1227 4629; x_wconf 83' lang='grc' dir='ltr'><strong><em>έντελλομένου,</em></strong></span> <span class='ocrx_word' id='word_1_478' title='bbox 1263 4545 1347 4612; x_wconf 77' lang='grc' dir='ltr'><strong><em>ἀλλὰ</em></strong></span> <span class='ocrx_word' id='word_1_479' title='bbox 1372 4553 1486 4612; x_wconf 72' lang='grc' dir='ltr'><strong><em>πειθοῖ</em></strong></span> <span class='ocrx_word' id='word_1_480' title='bbox 1504 4572 1534 4610; x_wconf 91' lang='grc' dir='ltr'><strong><em>τε</em></strong></span> <span class='ocrx_word' id='word_1_481' title='bbox 1556 4552 1611 4611; x_wconf 79' lang='grc' dir='ltr'><strong><em>καὶ</em></strong></span> <span class='ocrx_word' id='word_1_482' title='bbox 1633 4548 1717 4635; x_wconf 85' lang='grc' dir='ltr'><strong><em>λόγῳ</em></strong></span> <span class='ocrx_word' id='word_1_483' title='bbox 1751 4552 1805 4634; x_wconf 89' lang='grc' dir='ltr'><strong><em>τήν</em></strong></span> <span class='ocrx_word' id='word_1_484' title='bbox 1827 4550 1931 4626; x_wconf 86' lang='grc' dir='ltr'><strong><em>α’νάγ-</em></strong></span> 
     </span>
     <span class='ocr_line' id='line_1_40' title="bbox 344 4650 1935 4744; baseline -0.004 -21"><span class='ocrx_word' id='word_1_485' title='bbox 344 4682 406 4744; x_wconf 87' lang='grc' dir='ltr'><strong><em>κην</em></strong></span> <span class='ocrx_word' id='word_1_486' title='bbox 434 4658 653 4741; x_wconf 88' lang='grc' dir='ltr'><strong><em>παράγοντος,</em></strong></span> <span class='ocrx_word' id='word_1_487' title='bbox 687 4657 725 4718; x_wconf 80' lang='grc' dir='ltr'><strong><em>ὃν</em></strong></span> <span class='ocrx_word' id='word_1_488' title='bbox 754 4658 808 4716; x_wconf 80' lang='grc' dir='ltr'><strong><em>καὶ</em></strong></span> <span class='ocrx_word' id='word_1_489' title='bbox 833 4650 934 4716; x_wconf 87' lang='grc' dir='ltr'><strong><em>τάλλα</em></strong></span> <span class='ocrx_word' id='word_1_490' title='bbox 963 4650 1077 4735; x_wconf 85' lang='grc' dir='ltr'><strong><em>ζηλοῦν</em></strong></span> <span class='ocrx_word' id='word_1_491' title='bbox 1107 4652 1164 4737; x_wconf 78' lang='grc' dir='ltr'><strong><em>(τίς</em></strong></span> <span class='ocrx_word' id='word_1_492' title='bbox 1195 4652 1339 4738; x_wconf 79' lang='grc' dir='ltr'><strong><em>ἐφικτόν)</em></strong></span> <span class='ocrx_word' id='word_1_493' title='bbox 1369 4653 1649 4736; x_wconf 87' lang='grc' dir='ltr'><strong><em>προθυμούμενος,</em></strong></span> <span class='ocrx_word' id='word_1_494' title='bbox 1674 4654 1678 4721; x_wconf 75' lang='grc' dir='ltr'><strong><em>ί</em></strong></span> <span class='ocrx_word' id='word_1_495' title='bbox 1702 4657 1790 4716; x_wconf 76' lang='grc' dir='ltr'><strong><em>τοῦτο</em></strong></span> <span class='ocrx_word' id='word_1_496' title='bbox 1856 4654 1935 4719; x_wconf 76' lang='lat'><strong><em>254²</em></strong></span> 
     </span>
    </p>
   </div>
   <div class='ocr_carea' id='block_1_4' title="bbox 220 4755 1938 4844">
    <p class='ocr_par' dir='ltr' id='par_1_7' title="bbox 220 4755 1938 4844">
     <span class='ocr_line' id='line_1_41' title="bbox 220 4755 1938 4844; baseline -0.004 -18"><span class='ocrx_word' id='word_1_497' title='bbox 220 4805 225 4810; x_wconf 94' lang='lat'>-</span> <span class='ocrx_word' id='word_1_498' title='bbox 342 4761 484 4844; x_wconf 82' lang='grc' dir='ltr'><strong><em>μάλιστα</em></strong></span> <span class='ocrx_word' id='word_1_499' title='bbox 507 4765 640 4825; x_wconf 87' lang='grc' dir='ltr'><strong><em>πάντων</em></strong></span> <span class='ocrx_word' id='word_1_500' title='bbox 659 4760 865 4840; x_wconf 83' lang='grc' dir='ltr'><strong><em>έκμιμείσθαι</em></strong></span> <span class='ocrx_word' id='word_1_501' title='bbox 888 4755 1076 4831; x_wconf 82' lang='grc' dir='ltr'><strong><em>σπουδάζει,</em></strong></span> <span class='ocrx_word' id='word_1_502' title='bbox 1111 4761 1144 4819; x_wconf 88' lang='grc' dir='ltr'><strong><em>τδ</em></strong></span> <span class='ocrx_word' id='word_1_503' title='bbox 1177 4759 1331 4840; x_wconf 86' lang='grc' dir='ltr'><strong><em>προσηνές</em></strong></span> <span class='ocrx_word' id='word_1_504' title='bbox 1362 4780 1391 4819; x_wconf 91' lang='grc' dir='ltr'><strong><em>τε</em></strong></span> <span class='ocrx_word' id='word_1_505' title='bbox 1421 4762 1475 4820; x_wconf 75' lang='grc' dir='ltr'><strong><em>καί</em></strong></span> <span class='ocrx_word' id='word_1_506' title='bbox 1504 4759 1601 4841; x_wconf 88' lang='grc' dir='ltr'><strong><em>ήπιον</em></strong></span> <span class='ocrx_word' id='word_1_507' title='bbox 1629 4761 1683 4820; x_wconf 76' lang='grc' dir='ltr'><strong><em>καὶ</em></strong></span> <span class='ocrx_word' id='word_1_508' title='bbox 1704 4761 1835 4840; x_wconf 77' lang='grc' dir='ltr'><strong><em>χρηστόν</em></strong></span> <span class='ocrx_word' id='word_1_509' title='bbox 1859 4758 1938 4838; x_wconf 82' lang='grc' dir='ltr'><strong><em>πρὸς</em></strong></span> 
     </span>
    </p>
   </div>
   <div class='ocr_carea' id='block_1_5' title="bbox 420 4882 699 4950">
    <p class='ocr_par' dir='ltr' id='par_1_8' title="bbox 420 4882 699 4950">
     <span class='ocr_line' id='line_1_42' title="bbox 420 4882 699 4950; baseline -0.022 -11"><span class='ocrx_word' id='word_1_510' title='bbox 420 4904 432 4950; x_wconf 81' lang='lat'>7</span> <span class='ocrx_word' id='word_1_511' title='bbox 454 4882 570 4939; x_wconf 81' lang='lat' dir='ltr'><strong>Corinth</strong></span> <span class='ocrx_word' id='word_1_512' title='bbox 590 4902 607 4934; x_wconf 85' lang='grc' dir='ltr'><strong><em>α</em></strong></span> <span class='ocrx_word' id='word_1_513' title='bbox 625 4901 650 4950; x_wconf 82' lang='lat'><strong><em>9,</em></strong></span> <span class='ocrx_word' id='word_1_514' title='bbox 669 4901 699 4934; x_wconf 85' lang='lat'><strong><em>22</em></strong></span> 
     </span>
    </p>
   </div>
   <div class='ocr_carea' id='block_1_6' title="bbox 1573 4983 1647 5053">
    <p class='ocr_par' dir='ltr' id='par_1_9' title="bbox 1573 4983 1647 5053">
     <span class='ocr_line' id='line_1_43' title="bbox 1573 4983 1647 5053; baseline 0.027 -2"><span class='ocrx_word' id='word_1_515' title='bbox 1573 4983 1647 5053; x_wconf 66' lang='lat'><strong><em>23²*</em></strong></span> 
     </span>
    </p>
   </div>
   <div class='ocr_carea' id='block_1_7' title="bbox 0 0 2289 6164">
    <p class='ocr_par' dir='ltr' id='par_1_10' title="bbox 0 0 2289 6164">
     <span class='ocr_line' id='line_1_44' title="bbox 0 0 2289 6164; baseline 0 0"><span class='ocrx_word' id='word_1_516' title='bbox 0 0 2289 6164; x_wconf 95' lang='lat' dir='ltr'><strong><em> </em></strong></span> 
     </span>
    </p>
   </div>
  </div>
 </body>
</html>
