4560 6172
352 553 416 617 170
1857 546 1942 613 1⁸5

348 728 425 802 πρίν
447 724 467 803 ἢ
487 725 608 797 γνῶναι
630 722 664 783 τά
688 719 819 782 παιδίον
842 717 973 798 άγαθδν
995 717 1016 802 ἢ
1038 720 1156 781 κακδν*
1178 720 1353 798 πειθαρχεῖ
1372 720 1521 799 πονηρίᾳ.
1544 715 1764 797 άμπαλινῆτδ
1778 717 1943 797 γραφικόν

348 824 512 905 βούλεται,
546 832 746 903 προαιρεῖται
767 819 802 885 τά
826 822 965 905 φαῦλον,
993 821 1028 885 τά
1049 825 1109 901 μέν
1130 845 1157 884 τι
1180 829 1234 884 καὶ
1256 821 1332 887 αύτύ
1356 824 1438 902 πρὸς
1457 823 1490 881 τδ
1514 827 1620 897 χείρον
1641 817 1821 898 έπιρρεπιύς
1841 815 1941 890 ούθύς

350 929 423 1007 ὄχον
445 966 487 976 -
511 927 565 988 άτε
588 925 707 1008 ῥᾷστον
728 929 782 985 καί
803 926 951 997 κάταντες
973 962 1025 1000 -,
1047 928 1081 988 τύ
1104 924 1141 986 δέ
1163 931 1216 986 καλ
1239 927 1329 1004 παρά
1352 929 1416 987 τούν
1437 923 1590 987 τεκάντων
1610 923 1656 996 είς
1675 926 1765 985 τούτο
1779 923 1932 1001 προσβια·

349 1029 488 1107 ζάμενον.
529 1032 687 1092 νεανίσκοι
717 1033 771 1090 καί
800 1033 962 1110 παρθένοι
991 1028 1104 1108 σάρκες
1133 1027 1244 1111 ἔρημοι
1274 1032 1347 1102 νοῦ,
1381 1031 1492 1106 μεσταὶ
1520 1027 1556 1089 δέ
1579 1029 1671 1091 κενοῦ
1693 1030 1747 1088 καλ
1768 1023 1938 1101 ἀλογίστου

349 1134 566 1216 φρυάγματος.
598 1135 652 1191 καλ
681 1130 803 1210 ἔκυψεν
829 1132 1007 1208 ἅνθρωπος
1037 1135 1090 1191 καλ
1117 1131 1318 1214 ἐταπεινώθη
1347 1128 1447 1213 άνὴρ*
1479 1130 1541 1196 {md
1570 1132 1624 1191 τάν
1653 1126 1755 1208 βαρύν
1777 1129 1830 1209 τῆς
1851 1125 1938 1199 ίδίας

348 1236 526 1315 έπιθυμίας
547 1235 666 1297 κλοιάν.
695 1231 728 1296 οἳ
749 1231 952 1315 πρεσβύτεροι
981 1232 1081 1295 πάλιν
1111 1235 1168 1295 νέα
1191 1239 1377 1316 φρονοῦσιν,
1401 1232 1470 1312 ούχῐ
1492 1232 1703 1311 πρεσβύτερα,
1736 1236 1789 1291 καλ
1813 1230 1861 1312 (εδ
1884 1232 1937 1311 τῆς

292 1328 300 1340 χ
348 1338 448 1420 καλῆς
470 1340 659 1417 παροιμίας)
682 1336 730 1409 δὶς
751 1339 962 1398 καθίστανται
984 1334 1107 1410 παῖδες.
1128 1336 1267 1419 έξηλθεν
1289 1336 1409 1416 άνσμία
1432 1335 1466 1397 έκ
1489 1337 1708 1415 πρεσβυτέρων
1730 1332 1882 1417 (φησίν*),
1904 1338 1940 1394 σί

348 1441 483 1504 έδάκουν
504 1441 662 1520 κυβερνᾶν
685 1445 739 1501 τάν
761 1439 852 1515 λαάν,
875 1440 930 1512 ούς
951 1439 1047 1520 έχρῆν
1069 1442 1126 1502 τάν
1146 1463 1177 1502 τι
1199 1444 1317 1521 χρόνον
1339 1439 1423 1518 άμού
1444 1444 1498 1499 καὶ
1519 1439 1574 1520 την
1596 1434 1699 1518 α’ρχην
1721 1436 1935 1515 αίδουμένους

349 1544 403 1628 ζῆν
425 1546 682 1623 σωφρονέστερον
711 1547 764 1604 καί
794 1551 859 1616 τοίς
889 1542 950 1621 μετ’
977 1541 1091 1615 αὐτούς
1119 1542 1326 1629 έρχομένοιςλ
1351 1541 1506 1618 άπλανεῦς
1528 1544 1712 1625 ἐξηγεῖσθαι
1734 1541 1790 1624 τὴν
1855 1537 1936 1604 238²

348 1647 429 1730 πρύς
450 1647 606 1728 σωτηρίαν
626 1644 715 1708 άδάν.

438 1749 464 1788 ¹⁸
476 1747 534 1829 Ἆρ’
564 1745 623 1810 ούν
650 1748 871 1824 έπιγινιάσκετέ
899 1770 954 1828 μοι
983 1746 1021 1810 τὰ
1052 1746 1177 1831 ῥήματα
1209 1755 1264 1814 τοῦ
1292 1751 1472 1830 πνεύματος
1500 1749 1578 1813 ὄντα
1607 1754 1659 1810 καὶ
1691 1747 1749 1828 ούχ
1782 1747 1935 1831 ἡμέτερος

349 1853 435 1917 άλλά
466 1877 502 1914 τα
534 1852 706 1933 πράγματα
736 1851 861 1924 πάντως
883 1850 954 1930 ούχλ
975 1858 1030 1914 τού
1054 1853 1251 1932 πνεύματος,
1283 1851 1355 1915 ἄλλ’
1376 1852 1521 1935 ἡμέτερα.
1550 1854 1594 1916 ἔτι
1619 1853 1649 1916 δ’
1677 1855 1720 1914 άν
1748 1854 1935 1933 τελειότερον

349 1956 415 2020 άπὸ
439 1961 501 2018 τῶν
523 1956 595 2039 ἑξῆς
616 1955 800 2036 έπιγνοίητε.

437 2058 516 2121 ¹⁹02
538 2061 687 2138 ἄρχοντες
705 2056 796 2139 ἡμῶν
818 2053 973 2134 α’νομούσι
994 2058 1061 2135 μετ’
1081 2057 1241 2133 ἐξουσίας,
1273 2065 1306 2121 τό
1335 2058 1433 2131 εύθές
1465 2058 1707 2140 διαστρέφουσι,
1743 2060 1777 2120 τά
1807 2056 1934 2119 δίκαιον

347 2162 592 2247 καπηλεύουσιν,
614 2157 764 2236 α’γαπαῖσι
786 2157 876 2237 δῶρα
882 2206 893 2233 ,
917 2158 1086 2224 διώκουσιν
1108 2158 1333 2242 άνταπάδομα.
1364 2159 1394 2223 οἱ
1417 2160 1590 2241 πράκτορες
1615 2159 1705 2245 η’μῶν
1726 2160 1934 2240 καλαμοῖνται
1968 2194 1970 2200 ·

347 2265 447 2353 ἡμᾶς,
477 2273 530 2328 καὶ
553 2269 590 2326 τά
613 2265 693 2343 πρδς
715 2264 748 2324 τδ
767 2261 821 2343 ζῆν
843 2262 951 2342 ολκτρά
975 2262 1118 2340 λείψανα
1141 2265 1409 2345 προσαφελέσθαι
1438 2262 1612 2343 βιάζονται.
1642 2259 1674 2326 οἱ
1695 2262 1850 2327 δυνάσται
1870 2265 1933 2342 βα-

347 2372 495 2455 ρύνουσιν
517 2370 570 2447 ἐφ’
593 2366 677 2449 ἡμᾶς
697 2367 751 2430 τάν
773 2364 893 2442 ζυγάν*,
917 2367 960 2438 τίς
981 2366 1117 2440 δούλους
1138 2369 1354 2448 κατάγχοντες,
1379 2368 1437 2448 ούχ
1453 2368 1496 2443 ὥς
1510 2367 1699 2446 ὁμοδούλων
1713 2371 1934 2446 κατάρχοντες.

347 2473 365 2537 ά
388 2473 467 2546 λαός
489 2471 588 2534 πάλιν
610 2465 698 2542 οὗτος
719 2466 799 2540 λαδς
820 2474 925 2548 μωρδς
948 2475 1000 2530 καὶ
1023 2470 1090 2548 οὐχι
1112 2472 1240 2552 σσφός*,
1263 2471 1340 2544 λαδς
1363 2471 1505 2554 α’πειθης
1526 2481 1557 2534 τε
1579 2477 1633 2532 καί
1652 2467 1933 2552 σκληροτράχηλος,

347 2576 403 2642 οἰκ
422 2575 515 2647 ελδώς
537 2575 580 2636 ἔτι
603 2572 763 2652 άρχεσθαι
785 2568 861 2632 ούδδ
882 2571 1016 2649 χαλινὸν
1039 2571 1190 2655 ἡγεμόνος
1212 2573 1281 2636 οὐδ’
1303 2573 1471 2637 ἐπιστάτου
1495 2574 1756 2653 καταδεχόμενος.
1778 2571 1816 2655 ἦν
1839 2570 1869 2634 δ’
1889 2574 1932 2634 ἄν

346 2682 380 2744 τά
404 2678 510 2742 δεινδν
531 2679 606 2748 ἴσως
626 2679 763 2756 μέτριον,
786 2675 816 2736 εί
836 2677 928 2754 μέχρι
956 2678 1066 2738 τούτου
1095 2681 1149 2739 καλ
1177 2677 1278 2755 μάνου
1300 2681 1487 2758 προχωροῦν
1509 2675 1616 2748 αύτοίς
1638 2672 1693 2758 η’ν·
1726 2671 1757 2738 οἳ
1786 2675 1823 2737 δέ
1852 2676 1933 2755 πρδς

346 2806 388 2869 τῳ
411 2787 522 2845 πάσαν
544 2778 706 2859 άτιμάζειν
727 2775 821 2859 ἡνίαν
842 2782 896 2839 καί
916 2778 1072 2860 μηδαμῶς
1092 2782 1351 2863 έπιστρέφεσθαι,
1381 2783 1458 2865 μήτε
1489 2783 1617 2862 κέντρου
1643 2785 1728 2852 τινύς
1756 2777 1834 2861 μήτε
1862 2781 1933 2856 μά-

346 2906 465 2960 στιγος,
499 2884 541 2946 ἔτι
576 2888 631 2942 καί
666 2885 720 2946 τὸν
751 2882 907 2964 έπιβοίτην
939 2880 1036 2946 αύτύν
1064 2882 1125 2949 ύπύ
1157 2883 1254 2966 ῥύμης
1289 2882 1420 2963 άσχέτσυ
1459 2889 1512 2945 καὶ
1541 2888 1647 2965 φορᾶς
1678 2881 1933 2962 συναρπάζοντες

349 2988 354 3077 Ι
383 2990 427 3061 τίς
456 2991 514 3067 γῆν
546 2986 782 3065 καταβάλλουσι
811 2989 865 3046 καλ
892 2990 1089 3065 συμπαισῦσι
1120 2989 1258 3049 πεσάντα
1294 2994 1347 3048 καί
1382 2987 1630 3069 διαφθείρουσιν
1664 2985 1786 3047 άθλιον
1851 2985 1931 3050 239ι

346 3089 490 3169 αἴσχιστά
513 3111 543 3149 τε
566 3093 619 3148 καί
641 3091 787 3152 οἴκτιστα.
819 3090 936 3167 οίχεται
965 3088 1001 3150 δὲ
1023 3089 1110 3163 τάξις
1138 3091 1173 3152 έκ
1194 3093 1303 3171 μέσον,
1333 3096 1387 3150 καλ
1408 3095 1463 3154 τού
1485 3092 1564 3151 καθ’
1586 3092 1718 3152 ἕκαστον
1738 3091 1854 3170 μίτραν
1876 3094 1930 3149 καλ

345 3196 397 3277 τῆς
419 3192 512 3268 άξίας
533 3191 709 3267 έπίγνωσις,
741 3191 926 3263 εύπειθείας
947 3213 978 3253 τε
1000 3191 1093 3270 νάμοι
1116 3193 1278 3267 παντελῶς
1300 3193 1537 3267 καταλέλυνται,
1560 3198 1613 3253 καλ
1638 3191 1728 3273 δεινά
1747 3214 1792 3263 τις
1814 3190 1931 3265 α’ταξία

345 3303 400 3360 καλ
415 3294 560 3374 σύγχυσις
575 3298 695 3373 κατέχει
709 3294 744 3357 τά
757 3299 834 3358 πάν.
858 3293 962 3367 ούδελς
977 3298 1053 3369 γοῦν
1075 3294 1132 3379 (ὡς
1146 3296 1223 3368 ἔπος
1237 3297 1352 3381 εἰπεῖν)
1375 3306 1439 3369 τοίς
1454 3301 1613 3377 παροῦσιν
1626 3294 1713 3357 οίδεν
1728 3294 1931 3377 άρκείσθαι*,

346 3398 423 3465 ούδὲ
446 3405 563 3481 στέργει
585 3400 640 3479 τὴν
661 3399 782 3476 χάραν,
805 3399 843 3482 ἢν
864 3401 939 3470 τέως
960 3397 1064 3477 ἔλαχε,
1087 3403 1149 3461 κάν
1168 3404 1231 3463 τάν
1244 3401 1476 3479 λαμπροτάτων
1498 3423 1542 3472 τις
1563 3403 1610 3481 εἴη
1632 3405 1686 3459 καὶ
1701 3399 1929 3479 περιβλέπτων,

346 3503 430 3567 α’λλά
453 3504 509 3583 την
531 3500 574 3563 ἔτι
597 3504 798 3579 προέχουσαν
818 3501 934 3572 πάντες
956 3501 999 3564 ἔτι
1021 3507 1283 3584 περισκοπούμεν,
1308 3508 1361 3564 καλ
1376 3502 1483 3565 δεινὸν
1498 3501 1667 3585 ἡγούμεθα
1679 3504 1815 3577 ἔκαστος,
1836 3504 1867 3564 εί
1885 3525 1930 3575 τις

345 3607 381 3669 έν
402 3603 592 3684 α’νθρωποις
614 3600 704 3685 ἡμῶν
724 3603 971 3686 έπιφανέστερος
992 3605 1123 3681 λέγοιτο.
1147 3609 1207 3667 κάν
1229 3607 1390 3686 έπιβῶμεν
1405 3607 1533 3689 έκείνης,
1556 3609 1610 3686 την
1626 3610 1813 3685 προσωτέρω
1829 3604 1930 3668 πάλιν
1963 3613 1965 3615 ’

344 3706 554 3791 ἐπιζητοῦμεν,
585 3710 639 3767 καλ
668 3705 767 3778 οὕτως
794 3706 839 3777 είς
867 3706 1001 3786 ἄπειρον
1030 3704 1047 3790 ἦ
1080 3707 1166 3790 φορά
1198 3715 1253 3772 τού
1282 3713 1390 3777 κακοῦ.
1421 3710 1475 3772 διά
1505 3713 1593 3775 τοῦτο
1621 3706 1719 3788 νάμσς
1741 3707 1854 3781 αίδσύς
1875 3712 1931 3770 καί

345 3809 553 3894 σωφροσύνης
573 3809 728 3886 έξέλιπεν,
758 3807 955 3891 α’ντεισῆκται
981 3810 1017 3873 δὲ
1048 3811 1140 3873 πᾶσά
1166 3836 1211 3885 τις
1239 3811 1398 3875 α’κολασία
1429 3819 1482 3874 καὶ
1504 3813 1593 3894 ύβρις
1614 3816 1669 3874 καί
1690 3813 1723 3873 τά
1745 3811 1845 3893 μηδὲν
1866 3817 1930 3873 τείν

344 3916 511 3995 αίσχίστων
534 3914 579 3986 είς
599 3914 754 3995 αἰσχύνην
769 3911 967 3988 λογίζεσθαι·
990 3914 1062 3977 *διά
1084 3918 1172 3979 τοῦτο
1195 3921 1362 3997 συμπίπτει
1385 3924 1438 3978 καί
1460 3922 1623 3998 συγκρούει
1646 3923 1726 3995 πρὸς
1748 3915 1929 3995 ἄνθρωπον

346 4019 524 4099 ἅνθρωπος
547 4019 626 4079 καθ’
649 4016 732 4098 άπερ
756 4016 793 4077 έν
814 4017 999 4105 σκοτομάνη,
1022 4025 1074 4079 καί
1097 4019 1368 4101 άνθρωποςπράς
1381 4019 1436 4083 τὸν
1451 4022 1584 4106 πλησίον
1600 4019 1714 4085 αὐτοῦ·
1739 4021 1929 4100 προσκόπτει

344 4125 377 4187 τδ
400 4121 577 4202 παιδάριον
607 4116 688 4199 πρύς
714 4121 770 4181 τδν
798 4122 982 4202 πρεσβύτην,
1014 4127 1068 4183 καλ
1089 4120 1107 4184 ά
1130 4123 1241 4202 άτιμος
1263 4128 1343 4204 πρύς
1364 4127 1418 4187 τὸν
1440 4125 1574 4203 ἔντιμον,
1600 4123 1604 4210 ί
1628 4128 1709 4204 πρὸς
1729 4128 1785 4186 τύν
1849 4123 1928 4190 239²

344 4227 522 4290 σπουδαίαν
545 4224 561 4287 ά
586 4222 723 4306 φαύλας,
746 4220 839 4287 καλά
862 4222 1175 4307 α’μαθηςπρδςτδν
1197 4227 1315 4304 λύγιον,
1352 4228 1369 4291 ά
1400 4229 1525 4309 θρασύς
1548 4233 1628 4307 πρὸς
1649 4230 1704 4290 τάν
1725 4232 1843 4308 πρᾷον,
1875 4232 1928 4289 καλ

342 4327 423 4413 πρύς
443 4334 498 4391 τάν
521 4325 688 4390 συνετδνύ
719 4323 924 4403 ἀπαίδευτος,
956 4332 1009 4389 καλ
1037 4328 1200 4409 βάλλομεν
1230 4331 1331 4404 άλλος
1361 4332 1463 4394 ἄλλον
1496 4329 1601 4407 λόγοις
1630 4331 1699 4409 άμα
1732 4336 1786 4392 καὶ
1815 4331 1928 4414 ἔργοις,

342 4435 432 4516 κοινῆ
455 4437 508 4493 καλ
530 4432 615 4505 λδία,
648 4430 803 4510 έμφανούς
824 4435 878 4492 καλ
900 4435 1022 4513 κρυφῇ,
1057 4439 1110 4494 καλ
1139 4439 1245 4508 κακοῖς
1273 4427 1393 4509 πάντες
1423 4434 1555 4512 λέγομεν
1576 4435 1631 4496 τδν
1653 4436 1791 4514 άρχοντα
1814 4439 1867 4496 καλ
1890 4435 1928 4495 τά

342 4540 472 4617 πάτρια.
506 4541 654 4599 τοσοῦτον
683 4535 878 4618 έξοίστρησεν
905 4533 988 4615 ἡμᾶς
1018 4538 1083 4598 κατ’
1111 4534 1262 4619 άλλάλων
1298 4535 1316 4621 ηι
1347 4538 1527 4615 δοξομανία
1556 4543 1612 4598 καὶ
1639 4540 1673 4599 τά
1705 4536 1929 4618 φιλάπρωτον·

341 4637 438 4704 οίονελ
461 4640 498 4703 δέ
519 4662 564 4713 τις
584 4638 715 4720 λαίλαφ
737 4636 833 4719 α’γρία
856 4642 909 4699 καλ
931 4636 1059 4718 σφοδρά
1082 4647 1224 4718 καταιγλς
1245 4640 1264 4725 ἢ
1287 4645 1392 4714 κακῶς
1414 4641 1449 4714 έξ
1471 4636 1661 4719 ἀνθρώπων
1684 4631 1929 4725 άπολουμένηὼ

342 4742 552 4824 φιλοπλουτία
575 4745 719 4821 κυμαίνει
742 4745 780 4804 τά
802 4739 909 4802 πάντα
939 4748 992 4802 καί
1020 4746 1145 4823 στροβεί
1170 4749 1225 4806 καλ
1254 4747 1403 4826 ταράσσει
1430 4748 1484 4806 καλ
1514 4742 1621 4827 πληρη
1648 4746 1812 4822 ναυαγίων
1844 4754 1933 4807 ποιεί

417 4863 551 4932 17Isa7,
572 4831 1948 4938 15117lsa2,9117Dan1,⁶119Regnyn,4119D0ut32‚⁶119Luo3,14119lsam‘
