4560 6172
276 735 355 797 αλτῶ
377 738 503 819 βοηθὸν
526 739 720 820 προσλαβεῖν
742 741 787 814 ελς
809 744 863 804 τδν
886 742 1016 829 φόβον),

210 838 253 903 90
272 837 317 919 μή
340 861 403 902 που
425 864 464 919 με
486 840 592 904 δεινὸν
614 843 701 921 ὄμμα
727 847 863 923 Γοργοῦς
884 843 999 926 α’γρλας

273 947 411 1024 πρὸτῆς
433 942 533 1026 πύλης
553 945 706 1024 βλέψειεν
728 945 919 1027 η’γριωμένα,

274 1048 317 1127 μὴ
344 1045 501 1125 Κέρβερός
521 1070 566 1119 τις
587 1046 795 1130 έξυλακιήσοι
816 1052 910 1128 μέγα,

271 1147 351 1228 μηδὲ
374 1147 486 1230 Βριμά
506 1173 551 1222 τις
573 1150 794 1233 έμβριμωμένη
817 1152 929 1214 δάκοι·

272 1261 326 1314 καῖ
348 1255 417 1323 πῶς
438 1255 500 1332 γάρ
523 1255 600 1314 οἴσω
625 1254 786 1335 δήγματος
812 1255 934 1338 πληγην
955 1258 1044 1337 μίαν,

208 1352 251 1418 95
273 1354 452 1435 ἄνθρωπος
474 1356 681 1437 λσχνόσαρκος
707 1358 940 1440 έκτετηγμένοςς

271 1456 335 1532 έγα)
358 1456 395 1519 δέ
418 1457 523 1530 δειλός
543 1457 608 1538 εἰμι
630 1464 684 1520 καὶ
707 1460 788 1541 πρὸς
810 1460 892 1522 ἄλλο
916 1484 953 1523 τι.

272 1559 492 1639 λειτουργικοῖν
513 1564 575 1643 γάρ
598 1565 790 1641 πνευμάτων
812 1564 906 1645 ὄψεις
927 1566 1041 1644 τρέμω,

271 1667 408 1724 καὶτῶν
431 1667 596 1744 πτερωτῶν
618 1665 761 1742 α’γγέλων
784 1684 840 1728 σου
861 1667 916 1748 τη“ν
939 1670 1040 1727 θέαν·

274 1765 385 1842 ψυχάς
405 1770 466 1844 γὰρ
490 1763 691 1845 ἁρπάζουσιν
713 1767 748 1829 έκ
769 1772 832 1829 τῶν
854 1768 1020 1847 σωμάτων.

189 1866 252 1930 100
273 1865 308 1940 ἐξ
330 1862 376 1927 ὦν
397 1891 436 1946 με
459 1867 562 1951 ῥῦσαι,
586 1874 778 1952 ψυχοσῶστα
802 1871 973 1950 προστάτα,

273 1974 327 2029 καὶ
347 1969 423 2051 μήτε
443 1969 560 2036 τούτων
581 1972 783 2053 έκταραξάτω
804 1975 846 2051 μέ
866 1997 904 2048 τι,

271 2072 346 2154 μηδ’
370 2072 451 2135 άλλο
473 2075 573 2156 μηδὲν
595 2075 775 2154 προσβάλοι
796 2080 859 2137 τῶν
882 2074 1061 2157 φασμάτων

163 2184 169 2206 “
272 2177 295 2257 η’
315 2179 377 2237 τῶν
400 2174 570 2258 φοβητρων
592 2183 655 2239 τών
678 2180 740 2255 πρὸ
763 2181 826 2240 τῶν
848 2177 1045 2259 προαυλέων.

274 2278 359 2341 έπάν
381 2278 534 2344 δὲταῦτα
558 2280 613 2344 σὺν
636 2284 705 2363 θεῷ
728 2280 906 2360 διαδράσω,

188 2381 250 2446 105
273 2385 328 2442 καί
349 2403 412 2444 που
433 2385 574 2460 γένωμαι
597 2382 731 2464 πλησίον
752 2388 805 2446 τοτ’
828 2386 885 2447 σοῦ
908 2384 1043 2465 θρόνου,

272 2485 373 2567 μηδὲν
394 2489 572 2567 Χερουβεὶμ
597 2485 766 2569 ῥομφαίαν
788 2489 890 2566 πυρδς
913 2490 1015 2569 φέρον

273 2591 353 2648 κατά
377 2589 478 2666 στόμα
501 2588 614 2667 τροὶσοι
637 2612 676 2666 με
697 2593 751 2650 καὶ
775 2588 887 2669 φλέξοι
911 2589 1023 2662 πάλιν,

273 2687 346 2751 ἀλλ’
369 2689 475 2770 ὥσπερ
499 2690 592 2763 αὐτὸς
614 2692 731 2773 η’μερον
753 2690 897 2764 πλουτεῖς
920 2694 1027 2773 φύσιν,

274 2791 346 2878 Ικαὶ
368 2795 423 2874 τὴν
445 2793 525 2855 ὁδόν
545 2816 600 2873 μοι
622 2798 733 2856 πᾶσαν
755 2791 872 2875 ἥμερον
893 2792 996 2857 δίδου.

186 2895 250 2960 110
273 2894 316 2968 ὡς
336 2899 367 2957 εἴ
385 2920 420 2973 γε
441 2899 554 2979 ταύτην
576 2895 733 2976 ἀσφαλῶς
755 2896 935 2975 διαδράμω,

271 2997 370 3077 ὅρμος
391 3022 435 3073 τις
457 2999 532 3082 ἢδίς
553 2997 653 3060 τᾶλλα
677 2999 784 3060 πάντα
807 3002 861 3059 καὶ
883 2997 988 3080 φίλος,

272 3106 324 3184 τῆς
346 3106 401 3184 σης
422 3102 632 3185 γαληνδτητος
653 3100 912 3182 ἐμπεπλησμένα.

271 3206 308 3266 τά
332 3207 390 3267 νῦν
412 3205 448 3267 δὲ
470 3200 617 3285 Χριστόν,
642 3207 729 3267 πιστέ
751 3207 866 3285 Χριστέ
889 3207 1008 3283 κυρίου,

272 3307 355 3384 ἔχοις
376 3308 524 3373 σύνοικον
546 3312 600 3369 καὶ
622 3309 773 3386 συνεργὸν
795 3310 850 3370 τοτ’
872 3309 1018 3387 κράτους,

187 3410 249 3475 115
271 3419 326 3471 τὸν
348 3416 402 3471 καὶ
423 3409 653 3488 βασιλεύσαντα
676 3415 730 3470 καὶ
752 3411 917 3491 στέψαντιί
940 3428 974 3471 σε

272 3520 325 3574 καὶ
348 3512 616 3593 συμβασιλεύοντα
638 3519 692 3574 καὶ
715 3517 873 3574 σκέποντοῖ
897 3528 946 3575 σε·

271 3612 359 3689 οὗτος
380 3621 442 3697 γάρ
466 3615 571 3695 ὥσπερ
595 3627 660 3689 τοῖς
681 3621 780 3694 τρισὶν
802 3619 945 3688 νεανίαις

271 3726 369 3800 συνην
393 3724 535 3801 τέταρτος
556 3719 592 3782 έν
611 3722 699 3800 μέσῳ
721 3718 842 3799 φλογὸς
864 3718 978 3793 πάλαι,

270 3822 349 3886 οὕτω
372 3822 475 3884 πάλιν
497 3826 639 3904 τέταρτος
662 3821 738 3883 ἔστω
762 3819 912 3882 κάνθάδε

187 3924 251 3988 120
272 3923 441 4003 δροσισμδς
462 3923 536 4003 ὑμῖν
558 3927 594 3986 έν
615 3923 787 4000 βασιλείοις
808 3927 931 4002 μέσοις·

270 4032 325 4087 τὸν
349 4027 438 4109 ἥλιον
460 4031 494 4088 σε
515 4032 625 4106 πρῶτα
648 4026 767 4108 σφ’ζων,
791 4031 845 4086 καὶ
867 4027 973 4100 νέμων

272 4127 352 4210 ζωὴν
374 4130 511 4204 ἄλυπον,
533 4128 654 4210 εὐτυχῆ,
676 4127 851 4210 νικηφόρον

270 4233 380 4305 καλοῖς
402 4256 432 4295 τε
454 4245 519 4308 τοῖς
540 4233 702 4312 σύμπασιν
723 4229 976 4314 εὐθηνουμένην·

269 4338 377 4399 ἔπειτα
399 4338 511 4418 ταύτην
532 4342 587 4417 τη“ν
610 4333 743 4417 σελήνην
763 4338 816 4397 τοῦ
839 4330 984 4415 κράτους,

185 4440 247 4505 125
268 4443 323 4522 την
346 4440 555 4521 κοσμολαμπῆ
579 4443 633 4500 καὶ
655 4434 937 4517 διαπρεπεστάτην,

268 4544 323 4622 τήν
345 4539 439 4606 οὐδὲν
462 4542 544 4604 ἄλλο
567 4541 651 4621 πλὴν
674 4539 692 4602 ὅ
715 4538 859 4620 κέκληται
882 4539 984 4617 μόνον
1008 4576 1043 4587 -

270 4645 331 4727 ζωη
354 4648 416 4724 γάρ
438 4647 536 4716 ὄντως
559 4642 576 4726 ἡ
600 4644 674 4726 Ζωὴ
697 4645 750 4706 τοῦ
773 4645 829 4705 νῦν
851 4643 923 4717 βίου
949 4663 1006 4688 -·

268 4751 371 4831 τρίτην
393 4747 430 4809 δέ
450 4770 505 4827 μοι
528 4747 670 4811 σύνταιτε
692 4749 746 4805 καὶ
769 4745 824 4825 την
847 4743 1007 4822 δευτέραν,

267 4850 301 4913 τὸ
326 4849 468 4933 φαιδρὸν
489 4850 605 4932 ἄστρον
626 4849 681 4910 τοῦ
703 4847 881 4925 πανολβίου
904 4848 1047 4927 στέφους,

1583 1594 1612 1642 97
1630 1576 1707 1631 Hebr
1723 1596 1745 1640 1,
1761 1597 1790 1640 14

1596 2519 1640 2565 106
1659 2513 1775 2569 Genesis

1597 2602 1621 2649 32
1640 2603 1671 2648 ²4

1578 3678 1622 3726 1¹7
1648 3661 1749 3716 Daniel

1577 3749 1599 3795 32
1619 3748 1647 3797 ²5

1577 4533 1621 4580 127
1635 4512 1783 4570 Miehaelis

1576 4585 1672 4652 quarti
1712 4602 1783 4640 uxor

1593 4655 1645 4710 Zoe
1659 4655 1766 4710 Muralt

1574 4730 1618 4779 ⁶11
1637 4726 1783 4792 1128The·

1575 4798 1662 4851 odora
1676 4797 1784 4853 Muralt

1576 4873 1621 4935 ⁶03
