4560 6172
510 541 552 606 60

509 709 706 792 φθέγξαιτο,
736 707 872 790 ἀρπάζει
899 709 974 789 ταχὺ
999 709 1054 790 την
1082 712 1205 791 σιωπὴν
1234 707 1276 782 ὡς
1304 706 1498 783 κατάθεσιν,
1529 712 1583 769 καὶ
1604 707 1659 770 τόν
1682 730 1712 769 τε
1734 706 1829 781 λόγον
1857 704 1998 786 ὲδράζει,
2032 711 2086 789 τὴν

510 810 605 892 βάσιν
627 810 760 885 ὑποθεὶς
778 811 921 895 ἀσφαλῆ,
945 816 998 873 καλ
1021 809 1184 877 ἀναπαύει
1207 816 1403 894 θαυμαστός
1424 814 1479 895 τὴν
1501 812 1650 873 διάνοιαν
1673 814 1707 898 τῇ
1729 809 1905 890 ἐπαγγελίᾳ
1919 816 1971 894 τῆς
1987 811 2086 891 ἐγχει-

511 916 645 998 ρήσεως,
676 916 835 1000 »ἄρξομαι
857 915 915 998 δη(
939 913 1040 991 λέγων
1064 916 1264 982 »ἐντεῑθενκ
1310 916 1377 979 19τό
1401 916 1437 978 δὲ
1460 919 1538 979 κατά
1562 917 1672 979 πεῦσιν
1693 913 1839 996 ἐκφέρειν
1870 921 1904 976 τό
1941 940 1997 999 »ηε
2033 919 2086 975 καὶ

511 1023 680 1103 περισπᾶν,
704 1016 746 1093 ἀς
768 1017 837 1082 ἀντὶ
858 1024 912 1083 τού
929 1017 994 1102 ἀρα
1016 1021 1281 1103 παρειλημμένον,
1304 1017 1482 1095 ἀπολογίας
1503 1022 1562 1101 μὲν
1583 1018 1666 1089 τινός
1688 1017 1804 1096 ἔχεται,
1828 1017 1953 1098 διασπᾷ
1975 1019 2012 1081 δὲ
2033 1024 2086 1082 τοῦ

511 1122 608 1199 λόγου
630 1126 663 1186 τό
686 1121 977 1208 συγκεκροτημένον
999 1128 1053 1185 καλ
1075 1126 1227 1206 συμφυές,
1249 1129 1304 1186 καὶ
1325 1123 1462 1187 δείκνυσί
1483 1147 1552 1196 πως
1564 1125 1602 1185 ιδ
1616 1124 1696 1204 μέρη
1713 1122 1863 1206 κεχηνότα
1889 1128 1943 1184 καὶ
2029 1124 2085 1188 57²

512 1227 720 1311 ἀσυνάρτητα,
744 1227 787 1302 ἀς
809 1225 995 1306 νομίζεσθαί
1017 1248 1100 1300 τινος
1122 1228 1248 1302 ἔξωθεν
1270 1228 1438 1307 ἐχεκόλλου
1453 1228 1583 1290 δεῖσθαι
1597 1228 1782 1310 φαρμάκου,
1805 1227 1902 1300 οὕτως
1921 1225 2085 1300 ἀνοικείως

511 1331 642 1415 ἐχούσης
662 1335 715 1414 τῆς
736 1332 903 1415 ἐπαγωγῆς
924 1331 1004 1412 πρός
1024 1333 1062 1394 τά
1085 1335 1315 1414 προηγούμενα.
1354 1333 1431 1394 20έαῖ
1460 1334 1521 1412 γάρ
1548 1331 1649 1394 εἰπεῖν
1671 1329 1717 1394 ὅτι
1739 1335 1793 1393 καὶ
1815 1330 2010 1410 καταβάλλει
2031 1331 2085 1392 τόν

511 1435 607 1510 ὄγκον
630 1434 813 1519 λεληθότως
833 1437 878 1510 είς
900 1432 1067 1518 ὑπτιότητα
1090 1438 1125 1524 τῇ
1148 1437 1271 1524 τοιαύτη
1294 1439 1535 1517 μεκροπρεπείᾳ,
1565 1440 1618 1496 καὶ
1647 1431 1723 1499 ούδδ
1750 1440 1804 1497 τού
1830 1438 1938 1514 βιαίου
1961 1435 2085 1497 παντά-

511 1558 610 1602 πασιν
632 1538 846 1623 ἀπηλλάχθαι
869 1540 971 1603 δοκεί·
1005 1539 1048 1601 ε”τι
1070 1539 1106 1601 δὲ
1127 1539 1253 1619 μᾶλλον
1275 1537 1356 1604 αὐτά
1377 1562 1408 1601 τε
1430 1543 1527 1604 ταὺτα
1555 1546 1608 1602 καὶ
1629 1542 1662 1604 τό
1686 1541 1811 1624 ἀσαφὲς
1832 1540 1882 1602 ἐπ’
1905 1537 2086 1610 αὐτοῖςκαὶ

512 1642 719 1728 ἀπερινόητον
747 1645 965 1725 προσάπτουσι
993 1645 1036 1726 τῷ
1067 1640 1148 1727 ῥητῷ
1178 1642 1209 1706 οἳ
1238 1647 1292 1704 καὶ
1320 1647 1530 1726 περισπῶντες
1551 1643 1621 1725 ἅμα
1642 1647 1697 1708 τόν
1718 1643 1891 1720 σύνδεσμον
1912 1645 1967 1702 καὶ
1988 1640 2085 1704 δασό-

512 1769 625 1825 νοντες,
648 1746 691 1820 ἀς
711 1748 745 1810 τδ
770 1749 868 1809 »καθ’
890 1748 933 1808 ἀι
957 1745 1074 1830 δηλοῦν
1097 1747 1252 1821 θέλοντα,
1287 1753 1340 1808 καὶ
1361 1750 1468 1827 μέντοι
1489 1752 1543 1810 καὶ
1564 1747 1784 1822 ἀναπαύοντες
1805 1747 1907 1826 τελείᾳ
1928 1746 1961 1807 τδ
1987 1746 2085 1823 »βοό-

511 1850 645 1932 λεσθετ,
675 1852 738 1913 τόθ’
770 1849 814 1925 τός
841 1852 876 1927 ἐξ
905 1849 1011 1932 ἐτέρας
1039 1848 1138 1932 ἀρχῆς
1166 1854 1200 1912 τό
1229 1856 1302 1912 »καὶ
1328 1855 1390 1932 γάρ
1421 1853 1481 1929 ἐγω
1515 1852 1668 1934 σημερονι
1704 1850 1862 1927 ἀξιοῦντες
1883 1848 2084 1929 ἐκδέχεσθαι.

513 1954 625 2033 21έχεις
654 1952 712 2019 οὑν
733 1953 777 2027 ὥς
797 1955 932 2033 ἐβούλου
955 1959 1008 2015 καλ
1038 1953 1133 2027 αὑτός
1159 1957 1193 2016 τό
1226 1957 1265 2037 »ἢ
1285 1951 1461 2033 βοόλεσθει
1486 1956 1567 2018 κατά
1588 1980 1622 2034 γε
1643 1962 1676 2019 τό
1701 1955 1775 2041 ἡμῖν
1796 1956 1935 2037 ἐφικτόν.
1958 1950 2030 2015 ²²‘H
2047 1952 2082 2015 δέ

509 2062 563 2122 τού
577 2056 724 2131 Σόλωνος
739 2056 895 2143 ἀπληστία
907 2057 1054 2121 κάκείνου
1071 2061 1291 2141 κατέψευσται,
1314 2063 1427 2141 σαφῶς
1439 2063 1519 2134 ίσθι,
1543 2059 1652 2141 πάτερ,
1675 2066 1729 2122 καὶ
1745 2063 1799 2124 τού
1812 2058 2084 2138 καταψεύσασθαι

510 2163 624 2247 ταύτην
646 2163 701 2229 οὐκ
723 2164 855 2237 ἐνδίκως
876 2161 1127 2245 ὑπειλημμένον·
1160 2161 1277 2244 ὁμοίως
1297 2165 1359 2244 γάρ
1382 2163 1401 2247 ἤ
1423 2187 1454 2226 τε
1475 2167 1592 2242 πρᾶξις
1613 2167 1667 2229 τοὺ
1686 2163 1806 2247 ἀνδρός
1827 2162 1995 2246 ἀλλοτρία,
2029 2166 2083 2223 καὶ

493 2268 529 2330 ’ό
552 2268 645 2342 λόγος
665 2270 718 2332 τού
737 2266 890 2343 λέγοντος,
912 2267 1038 2348 μᾶλλον
1061 2266 1098 2328 δέ
1118 2271 1172 2330 τού
1199 2272 1240 2349 μη
1268 2267 1426 2343 λέγοντος,
1461 2271 1759 2351 συκοφαντουμένου
1789 2267 1825 2329 δὲ
1850 2268 1962 2340 λέγειν.
2007 2266 2083 2340 23τίς
2201 2328 2209 2347 I

511 2377 572 2454 γάρ
594 2372 726 2452 ἀμεινον
747 2371 868 2434 ἐκείνου
891 2370 895 2457 ί
918 2371 974 2452 την
995 2368 1145 2444 Σόλωνος
1166 2369 1235 2459 η’όει
1257 2375 1329 2451 περὶ
1349 2370 1493 2453 χρήματα
1514 2370 1800 2455 μεγαλοφροσύνην
1805 2399 1817 2449 ,·
1838 2374 1883 2445 τίς
1905 2372 1940 2433 δὲ
2026 2372 2083 2436 58¹

511 2475 634 2556 μᾶλλον
648 2473 796 2557 η’πίστατο
810 2478 844 2538 τό
857 2475 936 2537 κατά
952 2472 1089 2537 Σόλωνά
1103 2496 1134 2535 τε
1146 2478 1200 2535 καὶ
1212 2479 1349 2556 Κροῖσον
1360 2476 1491 2555 πρᾶγμα
1511 2479 1564 2535 καὶ
1580 2477 1705 2553 θαῦμα,
1727 2475 1745 2536 δ
1764 2480 1818 2537 καί
1832 2475 1924 2554 ὄχλος
1935 2473 2084 2558 δημοίόης

512 2579 723 2661 περιφόρητον
745 2580 807 2658 ἔχει
829 2582 992 2658 πανταχοῦ
1014 2585 1067 2639 καῖ
1090 2576 1239 2656 ἀοίδιμον
1246 2606 1257 2654 ,·
1293 2580 1318 2615 ²⁴
1329 2578 1419 2666 ᾔδει*
1440 2582 1499 2658 μέν
1521 2575 1577 2642 οὖν
1600 2583 1653 2639 καὶ
1673 2602 1769 2644 ταυτα
1791 2578 1929 2660 μάλιστα
1952 2582 2084 2641 πάντων

510 2683 645 2761 ἐκεῖνος,
679 2683 699 2744 ό
729 2687 839 2745 πᾶσαν
860 2688 913 2744 καὶ
935 2685 1031 2744 θείαν
1053 2687 1105 2743 καὶ
1128 2680 1339 2764 ἀνθρωπίνην
1367 2685 1484 2755 γνῶσιν
1512 2681 1693 2763 περιλαβών
1723 2686 1777 2743 καὶ
1799 2682 2008 2762 πολυμαθείᾳ
2029 2686 2084 2743 κοιλ

511 2785 656 2870 ἀκριβείᾳ
677 2785 746 2859 τοὺς
767 2786 949 2865 ἐλλογίμους
970 2784 1093 2858 πάντας
1112 2785 1327 2865 παρενεγκάν·
1350 2783 1421 2846 ἀλλ’
1443 2782 1480 2849 ού
1498 2784 1647 2857 Σόλωνος
1667 2785 1814 2848 ἐνταῦθα
1835 2786 2024 2869 καθήψατο,
2047 2782 2084 2847 ού

510 2895 570 2972 μέν
591 2887 646 2953 οὖν
668 2885 737 2953 τύδ’
759 2891 940 2975 ἐμέλλησεν·
972 2892 1041 2952 ἴσον
1064 2892 1125 2970 γάρ
1145 2887 1351 2968 ὑπελάμβανε
1376 2888 1512 2950 Σόλωνά
1534 2913 1564 2951 τε
1584 2885 1736 2951 σκώπτειν
1757 2890 1802 2962 εἰς
1824 2887 1999 2973 ἀπληστίαν
2030 2894 2083 2951 καὶ

506 2983 702 3078 Ἦρακλῆν·ἰο
722 2995 767 3068 είς
789 2994 918 3061 δειλίαν,
952 2993 1071 3055 ἳῧάλλά
1090 2997 1160 3056 τίνα
1176 2994 1230 3055 τόν
1243 2993 1402 3077 ἄπληστον
1417 2999 1551 3073 προθεὶς
1573 2992 1728 3076 διασύρεις
1749 2997 1804 3056 τόν
1825 3005 1893 3068 ταῖς
1914 2993 2084 3078 ἀληθείαις

511 3097 678 3181 ἀπλήστως
707 3099 984 3182 καταχρησάμενον
1014 3101 1057 3181 τῷ
1086 3095 1185 3181 λυδίῳ
1214 3102 1335 3181 χρυσῷ,
1368 3096 1407 3159 όν
1431 3097 1537 3169 κωλεός
1558 3099 1786 3181 στηλιτεύονστν
1815 3103 1851 3160 αί
1877 3122 1909 3160 τε
1931 3087 2084 3179 θύραθεν

511 3199 644 3288 ἱστορίαι
666 3206 720 3264 καλ
741 3199 834 3274 αύτδς
855 3198 1012 3280 ἀλλαχοῦ,
1037 3199 1116 3265 οὑτω
1138 3200 1295 3276 λέγωνέν
1316 3211 1380 3273 τοῖς
1400 3200 1564 3283 ἐμμέτροις

916 3302 1136 3385 Ἀλκμαίωνος
1157 3305 1194 3366 δέ
1214 3309 1259 3377 τίς
1279 3304 1343 3366 τόδ’
1366 3305 1487 3366 αίνέσει
1510 3309 1585 3367 ποτέ
1590 3334 1601 3384 3

921 3409 956 3482 δς
978 3410 1074 3495 προξά
1095 3407 1243 3491 Ἀθηνῶν
1260 3412 1323 3471 τῶν
1345 3406 1501 3488 ἀοιδίμων
1524 3412 1632 3493 φέρων

918 3517 1064 3577 τοσούτου
1086 3512 1188 3596 ὤφθη
1209 3513 1376 3596 χρημάτων
1397 3511 1570 3597 ἡττώμενος

920 3615 1044 3698 ὅσῳπερ
1065 3615 1150 3690 είκδς
1171 3613 1209 3700 ἦν
1231 3619 1375 3700 φανῆναι
1397 3621 1572 3697 κρείττονα·

922 3725 1058 3801 Κροίσου
1079 3723 1140 3804 γάρ
1163 3719 1259 3785 αὑτόν
1281 3719 1417 3783 πλέοσι*
1441 3720 1643 3801 δεξιουμένου

511 3832 564 3890 καλ
585 3828 699 3912 ἐφεξῆς
719 3826 756 3889 τά
779 3829 830 3910 τῆς
852 3823 1007 3907 λστορίας·
1039 3824 1178 3910 εὑρήσεις
1210 3826 1247 3889 δὲ
1277 3826 1282 3913 Ι
1316 3830 1385 3903 τοὺς
1413 3828 1549 3907 ίάμβους
1575 3829 1611 3890 ἐν
1641 3838 1705 3900 τοῖς
1733 3832 1805 3910 περὶ
1834 3828 1944 3911 ἀρετῆς
2028 3831 2086 3896 58⁸

511 3929 596 4016 αύτῷ
618 3933 852 4012 γεγραμμένοις.
896 3925 986 3994 26ούκ
1008 3930 1075 4012 ἀρα
1096 3930 1208 3993 Σόλων
1229 3927 1285 4014 ἦν,
1315 3930 1387 3993 ἀλλ’
1407 3929 1587 4012 ’Λλκμαίων
1609 3929 1626 3994 ό
1649 3932 1694 4005 είς
1716 3930 1893 4014 ἀπληστίαν
1915 3931 2084 3996 κάνταῦθα

511 4039 600 4116 παρά
622 4038 675 4100 τοῦ
699 4035 816 4117 πατρός
834 4031 1098 4117 κωμῳδούμενος·
1122 4029 1211 4116 ηἰτον
1231 4036 1293 4117 γάρ
1315 4035 1410 4112 ἔγωγε
1429 4039 1573 4116 προσέχω
1595 4046 1659 4110 τοϊς
1680 4033 1887 4119 ἀντιγράφοις
1907 4039 1928 4120 ἢ
1947 4041 1984 4126 τῇ
2006 4035 2086 4121 ἀλη-

510 4143 589 4220 θείᾳ
610 4142 664 4204 τού
685 4143 879 4219 πράγματος,
908 4136 977 4198 ἐπεὶ
999 4140 1053 4199 καλ
1075 4136 1182 4212 ἄλλως
1204 4134 1260 4203 οὑκ
1282 4139 1343 4219 ἔχω
1366 4143 1505 4222 συνοράν
1526 4139 1561 4202 ἐν
1583 4139 1689 4214 αὐτοῖς
1709 4141 1743 4203 τό
1765 4144 1916 4221 καθαρόν
1938 4146 1991 4203 καὶ
2013 4140 2086 4204 ἀκί-

509 4245 628 4328 βδηλον
650 4241 712 4308 ὑπό
734 4249 787 4308 τού
810 4241 926 4322 χρόνου
947 4241 1130 4326 σῳζόμενον.
1178 4241 1281 4304 27Τόν
1301 4243 1661 4326 τεσσαρεσκαιδέκατον*
1682 4249 1789 4327 μέντοι
1818 4249 1872 4306 καὶ
1893 4241 1983 4326 η’μετς
2005 4243 2085 4310 οὑτω

509 4355 687 4433 γράφομεν,
718 4350 785 4411 κατ’
816 4343 994 4420 ἀναλογίαν
1020 4350 1080 4428 μὲν
1109 4345 1276 4426 ούόεμίαν,
1307 4353 1387 4411 κατά
1410 4351 1586 4434 συνήθειαν
1608 4351 1660 4413 δὲ·
1689 4346 1728 4433 ἦν
1749 4353 1808 4431 μὲν
1829 4352 1891 4432 γάρ
1912 4352 1945 4412 τό
1968 4349 2087 4423 ἐντελὲς

508 4458 545 4543 τῇ
567 4454 712 4540 συνθήκη
733 4448 1075 4531 τεσσαρασκαιδέκατον
1097 4449 1215 4528 λέγειν·
1249 4451 1321 4514 ἀλλ’
1349 4455 1419 4516 ἐπεὶ
1446 4456 1502 4537 την
1532 4454 1618 4529 λέξιν
1647 4454 1847 4538 πολύτροπον
1868 4453 1932 4517 ἔδει
1954 4458 2008 4515 καὶ
2029 4475 2086 4516 πο-

511 4553 756 4641 λυσχημάτιστον
787 4557 952 4632 γίνεσθαι,
984 4553 1174 4638 βιαζομένην
1202 4553 1403 4636 ἁρμόζεσθαι
1432 4560 1513 4638 πρός
1544 4557 1678 4640 ἑκάστην
1708 4581 1739 4620 τε
1773 4565 1892 4621 πτῶσιν
1921 4564 1975 4619 καὶ
2007 4561 2087 4642 πρός

509 4665 640 4725 ἕκαστον
660 4665 766 4740 γένος,
801 4657 844 4733 ὡς
873 4659 948 4721 ποτὲ
975 4662 1034 4739 μὲν
1056 4656 1155 4743 αὑτήν
1176 4661 1445 4741 τεσσαρακαίδεκα
1469 4661 1640 4738 λέγεσθαι,
1671 4666 1746 4725 ποτὲ
1768 4663 1804 4725 δὲ
1823 4663 2086 4745 τετρασικαίδεκα,

581 4826 609 4859 21
630 4806 736 4876 Gregor
753 4822 805 4859 naz
824 4803 837 4857 Ι
851 4803 907 4855 110⁴
922 4803 927 4869 Ι
944 4821 973 4868 23
991 4800 1048 4874 ᾔδει
1061 4801 1101 4866 0²,
1120 4801 1177 4866 ἤδει
1194 4800 1290 4869 0¹125
1312 4801 1419 4872 (ἴκτεροι
1437 4802 1560 4857 Nazianz
1578 4821 1654 4858 ssrm
1675 4825 1712 4874 10,
1724 4825 1770 4874 294
1785 4830 1814 4854 =
1829 4806 1857 4861 II
1869 4813 1914 4872 428
1930 4810 1935 4871 Ι
1952 4825 1979 4873 25
2000 4807 2086 4862 codex

508 4881 635 4943 πλιιοσιν,
660 4877 782 4933 correxit
800 4875 926 4945 hsgsrds
942 4877 947 4942 Ι
963 4892 992 4941 27
1011 4891 1045 4929 ex
1064 4875 1189 4929 orations
1208 4873 1270 4943 ipss
1287 4873 1414 4941 sequitur
1432 4876 1705 4943 τεσσαρεσκαιδεκαιον
1722 4877 1863 4948 scripsisse
1881 4879 2033 4934 Iohannem
