4560 6172
342 579 427 645 18ss
450 580 530 647 18¹1
1790 607 1794 614 ·
1859 581 1920 648 195

343 751 452 823 ζοντάς
472 774 510 830 με
534 749 681 825 δοξάσω·
704 755 758 811 καὶ
779 753 885 828 μέντοι
908 754 1012 826 καλῶς
1033 775 1064 815 τε
1086 758 1138 813 καλ
1160 752 1314 834 λαμπρῶς
1329 757 1388 816 νόν
1401 753 1533 829 έδόξασε
1547 757 1619 827 τους
1633 752 1713 816 οὕτω
1730 753 1920 827 δοξάζοντας

343 854 440 920 αὐτόν
470 861 522 917 καὶ
550 859 717 934 τιμῶντας,
747 851 793 918 ῶν
819 853 974 943 άπαντων
1002 859 1180 939 κεφάλαιον
1207 855 1224 937 ή
1255 857 1375 940 κεφαλή
1399 859 1527 920 πάντων
1549 858 1607 934 σύ,
1636 857 1795 936 βασιλέων
1816 855 1920 938 ὀρθο-

344 959 491 1032 δοξότατε
514 967 566 1020 καὶ
588 958 642 1022 διά
665 965 753 1024 τοῦτο
776 961 1002 1040 θεοφιλέστατε
1032 967 1084 1022 καλ
1113 961 1168 1021 διά
1197 964 1284 1024 τοῦτο
1313 960 1480 1042 προδήλως
1509 967 1618 1043 νικητά
1643 967 1696 1022 καὶ
1718 962 1859 1043 άνίκητε·
1892 965 1920 1022 τί

345 1065 406 1144 γάρ
429 1067 530 1126 αίτιον
552 1064 634 1126 άλλο
657 1069 708 1146 τής
730 1064 890 1147 δρωμένης
913 1068 1022 1146 ταύτης
1056 1064 1263 1148 φαιδρότατος
1292 1065 1362 1127 ἄλλ’
1393 1069 1412 1146 ή
1439 1070 1576 1146 τήςσής
1605 1072 1749 1139 πίστεως,
1782 1070 1834 1146 τής
1865 1069 1921 1145 σής

344 1165 502 1244 εύσεβείας
524 1169 556 1228 τδ
579 1167 742 1246 εἰλικρινές
764 1192 794 1231 τε
817 1175 870 1230 καί
892 1170 1052 1249 καθαρόν,
1076 1165 1096 1257 ᾖ
1119 1169 1246 1231 πάντων
1266 1169 1404 1247 μάλιστα
1434 1174 1555 1248 χαίρειν
1579 1169 1645 1231 οἰδε
1670 1171 1767 1243 θεός,
1804 1175 1856 1230 καὶ
1879 1169 1920 1231 δι’

346 1272 384 1353 ήν
413 1275 467 1351 τήν
496 1271 739 1354 άκαταμάχητον
764 1273 888 1339 ένδύων
917 1292 950 1333 σε
980 1272 1127 1350 δύναμιν,
1157 1274 1302 1345 τοιαύτας
1332 1274 1536 1352 παραδόξους
1557 1292 1606 1336 σοι
1633 1277 1721 1345 νίκας
1751 1279 1804 1334 καὶ
1825 1272 1921 1346 οὕτως

346 1365 528 1453 άναίμακτά
550 1376 704 1455 χαρίζεται
726 1378 882 1456 τρόπαια,
917 1377 967 1458 ἐφ’
991 1376 1036 1447 οἰς
1058 1376 1265 1450 συνελθόντες
1295 1376 1312 1439 δ
1342 1380 1418 1456 μετά
1441 1381 1498 1442 σου
1519 1382 1712 1460 σεσῳσμένος
1734 1383 1787 1438 καί
1808 1377 1863 1439 διά
1886 1381 1919 1438 σὲ

347 1479 425 1553 λαός
447 1477 535 1551 οὗτος
557 1482 592 1540 ἐν
614 1477 801 1555 ἀγαλλιάσει
831 1481 1088 1562 πανηγυρίζομεν,
1123 1485 1239 1562 καὶτῷ
1262 1487 1414 1563 νικοποιῶ
1439 1485 1507 1560 θεῷ
1530 1487 1583 1542 καί
1606 1489 1718 1563 σωτήρι
1735 1481 1920 1563 ἑορτάζομεν

346 1583 503 1656 ἐπινίκια,
534 1578 579 1642 ῶν
609 1582 735 1656 εἰκότως
756 1586 799 1646 7έν
822 1584 956 1664 πράτοις
977 1583 994 1645 δ
1018 1585 1250 1665 τροπαιοφόρος
1273 1584 1277 1671 Ι
1300 1589 1434 1665 μετέχει,
1465 1585 1595 1667 α’γαθής
1617 1591 1778 1665 συνεργίας
1842 1589 1920 1652 280¹

347 1685 481 1762 ἀγαθάς
509 1686 701 1766 δρεπόμενος
728 1690 858 1767 χάριτας
885 1694 937 1749 καὶ
967 1693 1022 1759 τάς
1051 1687 1199 1767 άπαρχάς
1227 1690 1302 1769 παρ’
1326 1690 1415 1770 ήμῶν
1443 1694 1494 1769 τῆς
1521 1687 1716 1773 εὐφροσύνης
1745 1690 1922 1769 λαμβάνων

347 1789 426 1852 ἄνθ’
448 1788 493 1851 ῶν
516 1791 590 1870 ήμτν
612 1791 647 1853 ἰν
671 1791 802 1872 ήμέραις
824 1794 980 1873 ἐβοήθησε
1004 1791 1166 1870 θλίψεως,
1200 1792 1367 1871 οἰκτείρας,
1400 1791 1553 1872 ταχύνας,
1584 1797 1621 1878 τῇ
1651 1798 1800 1876 πρεσβείᾳ
1824 1795 1921 1866 λύσας

347 1897 384 1958 ιδ
406 1891 595 1972 σκυθρωπά,
619 1901 672 1957 καὶ
694 1894 736 1966 ῶς
758 1894 890 1977 άληθῶς
912 1894 957 1966 οἷς
979 1894 1143 1978 ήρίστευσε,
1165 1898 1399 1978 τροπαιοφόρος
1420 1897 1594 1976 γενόμενος.

436 1998 463 2036 ⁷⁴
476 1996 563 2063 Οὕτω
586 2004 760 2080 τοιγαροῦν,
782 2000 923 2081 βασιλεῦ,
947 2000 1027 2062 οὕτω
1050 2003 1130 2061 ποίει
1154 2005 1206 2060 καὶ
1229 1999 1346 2083 σφίζου·
1376 2006 1472 2082 ταῦτα
1495 2004 1694 2083 καρποφόρει
1717 2007 1795 2086 θεῷ,
1824 2009 1921 2064 ταῦτα

349 2104 496 2184 πρόσαγε,
526 2107 580 2184 τήν
602 2104 729 2180 ἐλπίδα,
759 2115 813 2187 τήν
835 2111 946 2179 πίστιν,
976 2107 1030 2186 τήν
1051 2102 1224 2182 ὑπομονήν,
1246 2109 1301 2185 τήν
1323 2105 1498 2187 πρᾳότητα,
1529 2115 1562 2167 το
1585 2108 1665 2186 πρός
1685 2108 1754 2178 τούς
1776 2104 1922 2185 άμαρτά-

349 2228 461 2278 νοντας
483 2204 682 2282 άνεξίκακον,
717 2213 750 2270 τό
772 2215 849 2290 πρὸς
871 2208 1020 2288 ὑποψίαν
1043 2210 1234 2290 δυσκίνητον,
1263 2212 1296 2270 τό
1327 2212 1407 2286 πρὸς
1435 2208 1589 2291 διαβολήν
1612 2207 1857 2291 άσυνάρπαστσν
1881 2247 1920 2257 -

349 2310 512 2391 διαβολήν,
536 2310 676 2391 λυτρωτά
700 2336 778 2392 μου,
810 2320 865 2396 τήν
885 2311 1025 2394 μεγάλην
1047 2312 1151 2395 λῶβην
1178 2313 1248 2372 καὶ*
1273 2315 1354 2393 κήρα
1384 2315 1437 2374 τού
1465 2316 1536 2391 βίου
1558 2316 1612 2374 τοῦ
1636 2311 1847 2393 άνθρωπίνου
1868 2352 1920 2386 -,

349 2421 381 2476 τδ
406 2418 575 2491 συμπαθὲς
598 2417 677 2494 πρδς
698 2424 731 2478 τό
753 2420 886 2496 πάσχον,
916 2422 949 2479 τό
973 2420 1053 2496 πρὸς
1073 2419 1106 2478 τδ
1129 2415 1233 2488 ἐνδεὲς
1254 2414 1471 2493 εύμετάδοτον,
1501 2415 1548 2478 ἑνί
1571 2413 1655 2500 λόγῳ
1662 2463 1672 2490 ,
1702 2418 1757 2497 τήν
1787 2424 1856 2496 περὶ
1888 2424 1920 2479 τδ

350 2523 443 2580 θετον
471 2517 634 2595 εύσέβειαν
666 2525 718 2581 καί
748 2525 801 2604 τήν
833 2527 903 2602 περὶ
932 2524 1001 2593 τούς
1029 2519 1188 2602 ὑπηκόους
1223 2519 1490 2599 φιλανθρωπίαν·
1533 2522 1629 2586 ταῦτα
1664 2521 1726 2600 γάρ
1761 2522 1924 2599 βασιλείας

350 2621 482 2704 άληθῶς
504 2621 769 2703 καλλωπίσματα·
793 2621 881 2699 οὗτος
903 2625 919 2687 δ
942 2631 994 2706 τής
1016 2627 1192 2706 καυχήσεως
1215 2627 1385 2704 στέφανος·
1407 2626 1496 2688 τοῦτο
1516 2625 1549 2684 τδ
1572 2625 1624 2704 τής
1646 2622 1739 2705 δόξης
1762 2623 1921 2707 διάδημα·

349 2727 465 2795 τούτοις
494 2732 546 2784 καί
577 2724 671 2799 αδτδς
699 2728 946 2809 έγκουμούμενος
967 2731 1133 2809 κυριεύσεις
1157 2728 1267 2789 έθνῶν
1296 2731 1349 2787 καὶ
1370 2725 1536 2800 ὑποτάξας
1565 2725 1678 2802 λαούς,
1710 2733 1763 2788 καὶ
1794 2730 1924 2808 αι’σχυν-

351 2828 506 2910 θήσονται
529 2830 646 2903 πάντες
666 2826 697 2892 οἱ
718 2836 879 2908 μισοῦντές
902 2853 935 2893 σε
957 2832 1090 2912 δωρεάν,
1124 2827 1155 2893 οί
1177 2830 1212 2893 δὲ
1235 2831 1419 2906 άγαπῶντές
1441 2849 1475 2891 σε
1495 2829 1784 2912 εὐφρανθήσονται,
1818 2841 1871 2894 καὶ
1893 2832 1925 2895 οἱ

353 2934 358 3018 ή
390 2932 537 3006 θέλοντες
567 2936 621 3015 τήν
649 2935 776 3016 εἰρήνην
804 2954 860 2998 σου
892 2940 1158 3018 συνειρηνεύσουσί
1188 2954 1237 2996 σοι
1268 2940 1321 2995 καί
1349 2936 1610 3017 συγχαρήσονται,
1644 2939 1771 3000 τοιαῦτα
1847 2939 1925 3002 280²

352 3035 608 3118 πανηγυρίζοντες
633 3038 668 3099 έν
698 3038 783 3121 αύτῷ
806 3044 931 3123 Χριστῷ
960 3045 1002 3124 τῷ
1032 3039 1152 3121 άληθεϊ
1181 3045 1234 3098 καλ
1255 3038 1344 3121 μόνῳ
1369 3042 1437 3122 θεῷ
1461 3039 1557 3120 ήμῶν,
1592 3035 1618 3122 ᾤ
1651 3036 1668 3121 ή
1700 3040 1780 3113 δόξα
1808 3047 1861 3100 καί
1891 3048 1923 3103 τό

351 3143 463 3224 κράτος
485 3145 541 3206 σὺν
562 3147 657 3222 πατρί
678 3167 708 3204 τε
731 3149 783 3204 καὶ
806 3147 956 3224 πνεύματι
980 3148 1036 3210 νῦν
1058 3149 1111 3204 καὶ
1133 3143 1183 3204 άεὶ
1206 3147 1258 3202 καὶ
1279 3142 1322 3214 εἰς
1344 3146 1415 3215 τούς
1437 3144 1559 3216 αἰῶνας
1579 3149 1641 3205 τῶν
1661 3145 1798 3208 αἰώνων.
1829 3146 1924 3229 άμήν.

443 3249 529 3314 ¹⁸7.
578 3251 644 3308 Τοῦ
667 3248 765 3307 αὐτού
788 3248 885 3327 νεαρά
909 3250 1133 3330 ἕκφωνηθετσα
1157 3252 1246 3325 παρά
1269 3252 1323 3308 τοῦ
1352 3245 1552 3327 φιλοχρίστου
1583 3247 1757 3324 δεσπότου,
1790 3255 1925 3332 κυροιί”10
2031 3297 2036 3307 .

355 3354 589 3412 Κωνσταντίνου
618 3356 672 3415 τοῦ
701 3352 917 3430 Μονομάχου,
951 3353 1004 3413 ἐπὶ
1037 3355 1072 3438 τή
1103 3351 1262 3425 α’ναδείξει
1293 3355 1346 3410 καὶ
1381 3350 1523 3435 προβολή
1554 3355 1609 3412 τοῦ
1638 3352 1835 3418 διδασκάλου
1864 3362 1926 3419 τῶν

350 3457 457 3536 νόμων
479 3456 536 3517 ἐυο.

440 3559 524 3619 1Καὶ
546 3564 589 3630 τίς
610 3557 700 3635 ἑτέρα
723 3561 867 3638 φροντίς,
899 3569 993 3621 ποῖον
1014 3559 1105 3638 ἔργον
1127 3560 1148 3639 ή
1169 3557 1360 3637 σπούδασμα
1382 3559 1526 3639 βασιλείᾳ
1547 3559 1673 3640 μάλλον
1694 3568 1853 3644 προσήκον
1875 3569 1927 3648 τῆς

352 3669 421 3741 περὶ
445 3661 513 3734 τοὺς
536 3665 650 3740 νόμους
673 3664 842 3739 προνοίας,
865 3666 934 3744 τιμή
956 3663 1017 3743 γάρ
1039 3661 1192 3739 βασιλέως
1214 3669 1293 3722 κατά
1316 3669 1348 3723 τδ
1372 3663 1496 3739 λόγιον*
1518 3668 1618 3744 κρίσιν
1634 3664 1777 3741 άγαπάν,
1802 3673 1855 3728 καὶ
1877 3668 1926 3731 δι»

352 3766 502 3849 καιοσύνη
515 3774 567 3826 καὶ
579 3771 675 3846 κρίμα
697 3764 896 3845 κατόρθωσις
918 3769 973 3831 τού
989 3769 1111 3843 θρόνου
1127 3764 1256 3828 αύτού*·
1282 3765 1364 3845 άπερ
1380 3767 1484 3840 άλλως
1503 3765 1669 3847 άμήχανον
1683 3770 1808 3848 βασιλεῖ
1828 3791 1927 3853 προσ-

351 3876 502 3946 γενέσθαι
525 3870 607 3949 πλήν
628 3873 662 3931 ἐκ
685 3875 784 3952 νόμου
806 3881 859 3933 καὶ
882 3872 936 3932 διά
961 3870 1070 3946 νόμου,
1095 3870 1136 3932 δι’
1158 3867 1196 3935 οὗ
1215 3869 1356 3945 βασιλεῖς
1376 3870 1593 3948 βασιλεύουσι,
1625 3879 1677 3933 καί
1698 3875 1852 3938 δυνάσται
1876 3886 1928 3939 καὶ

352 3975 497 4052 ἄρχοντες
521 3978 695 4052 τυριεύουσι
716 3982 789 4056 γής,
821 3979 922 4037 καίτοι
945 3977 1020 4053 παρ’
1043 3972 1146 4038 αὐτῶν
1175 3977 1303 4034 έκείνων
1324 3979 1385 4034 τῶν
1414 3976 1524 4056 νόμων
1549 3983 1677 4059 νομικῆς
1700 3977 1873 4054 ου’θεντίας
1893 3985 1927 4043 τδ

352 4077 518 4154 βασιλικόν
539 4099 568 4138 τε
596 4085 648 4138 καὶ
673 4083 765 4141 θετον
787 4076 980 4141 άπολέλυται
1004 4080 1135 4157 κράτος,
1158 4077 1200 4149 ῶς
1223 4076 1298 4143 αύτδ
1322 4079 1475 4153 δεσπόζον
1497 4079 1661 4156 ἁπάντων,
1683 4081 1741 4161 ούχ
1763 4081 1824 4149 όπδ
1847 4083 1930 4159 τινός

354 4180 454 4242 άλλου
483 4185 545 4242 τῶν
574 4182 626 4243 έπλ
654 4190 709 4264 γής
732 4182 972 4262 δεσποζόμενον,
1062 4180 1153 4242 2άλλ’
1186 4179 1290 4245 αὐτῶν
1314 4184 1317 4267 ή
1342 4184 1469 4247 ἐκείνων
1499 4182 1658 4264 άκούομεν
1689 4184 1787 4260 αὖθις
1851 4192 1929 4255 281¹

353 4289 415 4348 τῶν
444 4286 602 4362 βασιλέων
633 4286 686 4348 ὑπ’
707 4286 943 4369 εὐγνωμοσύνης
974 4286 1101 4358 δικαίας
1130 4291 1185 4366 τήν
1216 4287 1310 4365 χάριν
1340 4294 1603 4368 παραιτουμένων
1625 4296 1679 4351 καὶ
1701 4289 1768 4353 οἰον
1792 4292 1930 4375 άμοιβήν

353 4413 421 4453 τινα
445 4391 558 4470 ταύτην
580 4391 806 4455 άντιδιδόντων
829 4401 891 4462 τοῖς
913 4396 1022 4471 νόμοις
1045 4390 1077 4452 τό
1101 4388 1152 4456 ὑπ’
1175 4391 1304 4463 έκείνσις
1324 4397 1386 4453 τῶν
1401 4393 1565 4474 σκήπτρων
1586 4396 1640 4476 τήν
1655 4395 1802 4468 ἐξουσίαν
1818 4408 1930 4473 ποιεῖν,

355 4504 406 4558 καί
429 4507 486 4562 σὺν
509 4495 614 4569 αότοίς
636 4496 761 4573 μάλλον
784 4497 892 4574 άρχειν
914 4491 1079 4572 αἱρεῖσθαι
1102 4501 1266 4577 προσηνῶς
1294 4502 1347 4556 καὶ
1369 4496 1499 4570 δικαίως
1521 4502 1541 4581 ή
1562 4510 1686 4578 κρατεῖν
1713 4498 1786 4577 δίχα
1816 4503 1931 4562 τούτων

353 4604 464 4679 βιαίως
488 4608 540 4660 καὶ
564 4601 776 4680 παρανόμως,
801 4599 981 4682 σοφώτερον
1005 4602 1023 4681 ή
1046 4602 1123 4661 κατὰ
1147 4604 1214 4669 τούς
1236 4599 1365 4672 ἰδιαίτας
1388 4598 1433 4663 ῶν
1455 4602 1597 4683 ἄρχουσι,
1620 4611 1690 4684 περὶ
1712 4605 1820 4670 τούτου
1844 4604 1931 4681 λογι-

354 4706 508 4783 ζομένων·
533 4705 699 4784 διαφέρειν
720 4708 781 4784 γάρ
803 4706 955 4780 τύραννον
978 4704 1013 4764 έν
1036 4704 1130 4785 τούτῳ
1154 4709 1206 4763 καὶ
1227 4706 1373 4780 βασιλέα,
1398 4706 1444 4768 ότι
1467 4706 1484 4769 ὁ
1506 4711 1565 4787 μὲν
1587 4707 1644 4791 (ῶς
1666 4709 1683 4770 δ
1703 4709 1809 4792 λόγος)
1833 4714 1934 4786 νόμον

326 4811 413 4889 ’ἔχει
436 4815 490 4871 τόν
511 4809 639 4889 τρόπον,
661 4808 808 4886 βασιλεὺς
831 4807 867 4869 δὲ
889 4812 921 4869 τδ
944 4808 1082 4888 ἔμπαλιν
1104 4809 1223 4885 τρόπον
1246 4808 1308 4887 ἔχει
1330 4811 1384 4871 τδν
1400 4812 1508 4890 νόμον,
1531 4812 1716 4874 ἐπιστασίαν
1727 4818 1787 4892 μὲν
1799 4814 1935 4895 ἔννομον

423 4951 454 4998 74
472 4931 559 4998 λώβην
576 4930 622 4982 καί
640 4931 695 4984 add
715 4931 756 4995 0¹,
775 4947 819 4986 om
838 4930 919 4998 0¹11
941 4930 1032 4984 Psalm
1051 4929 1084 4994 (λη
1102 4936 1166 4994 ςιτ
1187 4930 1280 4983 Psalm
1300 4931 1367 4994 (λςτ

1576 5036 1651 5106 25*
