4560 6172
170 564 254 634 188
1689 562 1752 627 159

170 736 379 812 κομισθεῖσαν
400 736 454 793 καὶ
476 734 557 812 πρὸς
578 734 633 814 τὴν
654 730 777 794 οἰκείαν
801 730 1004 795 κατόπαυσιν
1025 732 1176 796 ἐντεῦθεν
1197 736 1449 811 μετενεχθεῖσαν,
1473 731 1511 797 οὐ
1524 733 1656 813 μέντοιέ
1680 735 1759 795 καθ’

170 837 259 912 ἅπαξ
282 833 517 914 όπενεχθεῖσαν
539 832 639 919 ἡμῶν,
674 832 741 899 οὐδ’
764 833 951 898 ἀποστᾶσαν
970 835 1017 907 είς
1037 836 1125 908 τέλος
1146 840 1209 896 τῶν
1230 837 1309 896 καθ’
1332 837 1425 920 ημᾶς,
1449 839 1533 899 τόνο
1556 841 1757 920 μεθέστηκεν.

171 940 307 1024 80έκείνη
328 946 389 1020 γάρ
412 937 430 1022 ἢ
452 945 514 1001 τόν
535 939 608 1020 τῆδε
631 941 812 1019 προνοοῦσα
837 943 890 1000 καὶ
911 942 984 1001 νῦν·
1006 939 1108 1022 ἐκείνη
1130 943 1184 1000 καὶ
1205 941 1354 1021 βραβεύει
1377 947 1430 1002 καῖ
1452 945 1542 1025 φέρει
1572 947 1625 1002 καί
1647 961 1756 1024 συντη-

170 1055 221 1127 ρεῖ
239 1045 277 1106 τό
301 1040 450 1127 ἡμέτερα·
481 1043 600 1125 ἐκείνης
633 1043 727 1122 ἔργον
756 1048 809 1103 καὶ
838 1041 944 1123 διόρον
973 1040 992 1127 η
1023 1041 1156 1124 εὐνομία
1185 1047 1248 1105 τῶν
1279 1042 1413 1118 πόλεων,
1448 1042 1466 1127 ἢ
1499 1048 1551 1128 τῆς
1572 1045 1757 1128 οἰκουμένης

168 1149 285 1231 είρηνη,
307 1152 370 1209 τῶν
392 1147 563 1231 ἐκκλησιῶν
587 1149 604 1229 ηΙ
630 1147 777 1224 ὁμόνοια,
798 1151 860 1208 τῶν
882 1145 1049 1229 σκήπτρων
1070 1145 1088 1231 ἡ
1112 1145 1296 1223 δυναστεία,
1319 1151 1382 1210 τόν
1403 1149 1644 1229 στρατοπέδωνί
1666 1148 1683 1230 η’
1706 1146 1757 1213 εὐ-

171 1256 271 1333 τυχία,
294 1252 312 1337 η
334 1255 397 1314 τεόν
419 1252 550 1313 πόντων
574 1248 619 1313 ὥν
642 1253 754 1331 ἔχομεν
777 1251 887 1314 καλῶν
908 1255 1055 1336 χορηγία·
1091 1250 1133 1314 δι’
1155 1252 1277 1333 ἐκείνην
1299 1259 1352 1314 καί
1375 1251 1475 1332 ζῶμεν
1497 1258 1551 1313 καὶ
1574 1253 1755 1330 κινούμεθα

172 1363 225 1419 καί
246 1357 381 1437 έσμένῖ·
411 1356 452 1417 δι’
475 1357 596 1438 ἐκείνην
620 1357 803 1436 πιστεύομεν
825 1360 877 1417 καί
901 1355 1056 1429 θανόντες
1077 1353 1112 1420 τύ
1133 1359 1223 1432 έξειν,
1245 1356 1299 1418 ἐπὶ
1316 1359 1531 1440 χρηστοτέραις
1555 1355 1679 1418 ἐλπίσιν
1700 1356 1754 1416 έν-

173 1462 273 1524 θένδε
294 1464 558 1542 μεταχωροῦντες·
590 1467 643 1521 καὶ
667 1458 860 1523 συνελόνταί
883 1462 1004 1541 φόυαι,
1038 1461 1113 1539 παρ’
1143 1458 1238 1542 αὐτῆς
1268 1458 1438 1523 κόνταῦθα
1468 1457 1610 1520 καίιεῖσεἰ
1638 1461 1675 1521 τὰ
1705 1464 1757 1541 τῆς

174 1564 348 1649 εὐπραγίας
370 1566 455 1648 ημῖν,
484 1565 563 1626 κατὰ
588 1565 693 1626 πάντα
717 1567 833 1642 χρόνον
856 1569 908 1627 καί
929 1566 1051 1644 τρόπον
1071 1561 1253 1648 ἲλεουμέυης
1274 1567 1328 1626 τὸν
1350 1563 1460 1644 ἑαυτῆς
1481 1567 1541 1643 μὲν
1564 1562 1643 1638 υἱόν,
1673 1566 1755 1625 τοῖν*

173 1674 342 1753 οίκτιρμῶν
364 1669 399 1732 δὲ
423 1671 555 1748 πατέρα,
578 1673 632 1728 καὶ
647 1669 722 1748 παρ’
739 1666 836 1732 αὐτοῦ
847 1669 944 1730 ταῦτα
956 1669 1063 1730 πόντα
1075 1660 1309 1749 παρέχουσαν“ἱο
1332 1669 1406 1751 ύμῖν
1428 1672 1482 1728 καί
1504 1657 1754 1748 παρέξουσαύὴ·

176 1781 230 1839 καί
260 1777 293 1838 τό
323 1774 443 1855 μέλλον
472 1777 533 1851 γὰρ
564 1770 749 1852 ύπσλόμπει
778 1783 842 1845 τοῖς
871 1775 1027 1854 παροῦσιν
1056 1773 1116 1856 ἤδη
1138 1772 1349 1854 φαιδρότερον
1371 1773 1375 1857 ί
1400 1771 1511 1835 διὰτὸ
1535 1771 1614 1852 πρὸς
1679 1773 1755 1837 22Οέ

174 1885 209 1945 τό
230 1879 400 1961 εὐεργετεῖν
421 1877 479 1962 (ὠς
500 1879 542 1937 όν
563 1878 648 1938 εἴποι
670 1878 728 1954 τις)
759 1876 920 1958 ἄπληστον
942 1881 995 1939 καὶ
1017 1875 1186 1957 α’κόματον
1205 1879 1258 1961 τῆς
1279 1881 1386 1960 κοινῆς
1406 1876 1497 1960 ημῶν
1518 1879 1648 1938 πόντων
1668 1874 1755 1958 εὐερ-

176 1988 281 2061 γεσίας
303 1983 378 2045 καίι
400 1979 590 2061 εὐεργέτιδος
612 1980 732 2064 ταύτης.

265 2089 416 2153 61Ταῐπυί
438 2105 498 2161 σοι,
531 2085 703 2159 δέσποινα,
735 2084 773 2146 τὰ
796 2086 873 2163 παρ’
897 2081 987 2166 ημῶν
1007 2082 1295 2172 προπεμ[π]τη’ρια·
1328 2082 1427 2150 ταῦτα’
1449 2103 1498 2147 σοι
1528 2085 1565 2146 τό
1594 2085 1689 2167 γέρα,1
1717 2087 1754 2147 οδ

176 2194 314 2277 έξιτηρια
325 2204 346 2233 ¹¹¹
360 2230 394 2242 -
419 2189 498 2252 ἀνθ’
512 2186 558 2252 ὥν
574 2186 610 2254 εὐ
624 2191 797 2272 πεποίηκας
816 2192 871 2270 τὴν
889 2192 989 2270 φύσιν
1009 2191 1065 2271 την
1086 2186 1248 2272 ἧμετέρον,
1270 2184 1350 2249 ἄνθ’
1364 2182 1410 2248 ὥν
1421 2185 1496 2270 η’μῖν
1508 2192 1587 2252 πόσι
1602 2193 1757 2272 σωτηρίαν

178 2294 349 2378 έπηγασας,
372 2293 453 2356 ἄνθ’
476 2289 522 2355 τόν
544 2292 625 2374 ζωὴν
647 2294 753 2367 ἔτεκες,
776 2291 856 2354 ἄνθ’
880 2288 925 2355 τόν
947 2295 1051 2372 χαρὰν
1073 2292 1208 2372 όβλυσας
1228 2292 1270 2375 τῴ
1292 2295 1373 2368 γένει
1395 2295 1438 2375 τῴ
1458 2290 1666 2379 α’νθρωπίνῳ.
1688 2291 1755 2371 εῦγε

175 2405 238 2462 τόν
257 2400 292 2462 ἐκ
314 2402 372 2462 σού
394 2397 591 2480 δωρημότων
623 2395 668 2470 οἷς
689 2396 957 2480 ἐπλουτίσθημεν·
991 2393 1058 2473 εύγε
1078 2401 1141 2458 τοῖν
1169 2394 1299 2459 πολλῶν
1328 2393 1531 2476 χαρισμάτων
1562 2394 1608 2470 οίς
1637 2396 1755 2473 ἐδοξά-

179 2506 313 2585 σθημεν.
334 2499 390 2567 οὐκ
405 2499 448 2563 ἔτι
470 2504 650 2582 προστίμοις
672 2511 871 2581 προγονικοῖς
892 2497 1111 2580 ῦποτείμεθα·
1132 2497 1189 2564 αὐτ
1204 2500 1248 2563 ἔτι
1264 2498 1455 2579 δουλεύομεν
1472 2498 1540 2583 όρᾷ
1554 2505 1608 2563 καί
1622 2505 1756 2584 φθορᾷ·

181 2607 324 2679 θάνατος
346 2603 435 2689 ἡμῶν
457 2603 514 2669 οὐν
533 2604 577 2668 ἔτι
599 2603 742 2685 κυριεύει.
777 2605 830 2667 διό
858 2607 915 2668 σοῦ
936 2609 1034 2668 ταῦτα
1057 2607 1162 2668 πόντα
1192 2611 1246 2666 καί
1268 2603 1322 2666 διδ
1347 2606 1381 2664 σὲ
1403 2607 1457 2664 καὶ
1478 2602 1513 2664 ἐκ
1535 2606 1600 2667 σοῦ.
1636 2608 1673 2668 σύ
1694 2607 1755 2685 γὰρ

178 2709 309 2794 ἀφεῖλες
330 2713 399 2773 πᾶν
421 2708 562 2790 δάκρυον
584 2707 649 2772 dno*
673 2710 845 2790 προσώπου
867 2715 919 2792 τῆς
939 2713 1015 2792 γῆς·
1039 2713 1076 2773 σύ
1098 2705 1154 2793 τη“ν
1175 2712 1273 2772 κτίσιν
1294 2706 1470 2789 ἐνέπλησας
1493 2712 1647 2781 παντοίας
1667 2705 1756 2790 εὐερ-

178 2819 299 2893 γεσίας·
332 2818 370 2876 τό
394 2812 531 2896 οῦρόνια
554 2814 732 2896 εὔφρανας·
767 2815 804 2874 τό
835 2813 958 2889 ἐπίγεια
987 2812 1121 2898 ἔσῳσας’
1154 2814 1187 2876 τὸ
1211 2811 1345 2891 πλόσμα
1367 2810 1586 2893 κατῴλλαξας·
1620 2811 1756 2886 ἐξιλόσυ

179 2921 234 2983 τόν
256 2919 415 3002 πλάστην
447 2920 517 2993 τούς
539 2917 692 2996 α’γγίλσυς
712 2918 900 2992 ύπέκλινας·
934 2922 1003 2991 τούς
1033 2916 1231 2998 ἀνθρώπους
1260 2915 1454 3000 όνύψωσας·
1487 2926 1551 2989 τοῖς
1572 2916 1659 2990 ἅνω,
1693 2927 1757 2989 τοῖς

180 3025 263 3087 κότω
284 3023 346 3086 nde
368 3022 479 3106 ἑαυτῆς
505 3023 713 3102 έμεσίτευσας·
748 3023 971 3101 μετεσκεύασας
998 3023 1110 3104 ἄριστα
1141 3023 1174 3085 τό
1202 3025 1270 3085 πόν
1299 3021 1379 3100 πρός
1407 3023 1440 3080 τό
1473 3019 1605 3098 βέλτιον.
1639 3019 1756 3083 πολλαί

182 3143 187 3228 η
212 3131 393 3209 θυγατέρες,
417 3126 534 3189 πολλοὶ
555 3131 607 3189 καί
628 3129 755 3208 μητέρες
775 3127 929 3210 ἐποίησαν
951 3126 1102 3206 δύναμιν·
1127 3126 1164 3190 σύ
1186 3126 1221 3189 δὲ
1244 3126 1341 3197 όντως
1358 3120 1539 3204 ύπέρκεισαι
1561 3130 1616 3186 καὶ
1679 3126 1758 3191 220²

178 3230 336 3316 ύπερῆρας
359 3232 492 3305 πόσας*.

269 3337 297 3376 ⁶²
312 3335 392 3399 Ἀλλ’
416 3332 504 3409 ούτος
524 3341 584 3416 μὲν
604 3336 657 3400 ἐπὶ
679 3338 778 3397 πᾶσιν
800 3331 817 3394 δ
838 3333 955 3413 βραχύς
976 3331 1181 3416 χαριστῆριος,
1209 3334 1226 3396 ό
1249 3334 1300 3396 6⁹⁰
1322 3332 1438 3407 ἶνέσιος
1458 3337 1542 3412 w,-
1572 3333 1650 3406 λαός
1673 3333 1758 3416 ἡμεῖς

180 3441 246 3516 σός,
273 3438 299 3503 τό
321 3443 414 3521 κυρία
437 3444 489 3522 τῆς
512 3443 645 3514 κτίσεως,
669 3438 724 3511 σδς
744 3437 900 3517 ἐξαίρετος
922 3436 1045 3518 κλῆρος,
1067 3442 1104 3519 ση
1127 3442 1213 3519 μερίς
1235 3436 1360 3519 έκλεκτη
1372 3459 1380 3473 ·
1406 3440 1456 3500 σοί
1475 3440 1537 3518 γὰρ
1554 3434 1758 3520 φέρωνῆμᾶς

180 3543 256 3607 όέκ
279 3546 335 3609 σοῦ
356 3547 478 3623 τεχθεὶς
499 3544 612 3618 ἔδωκε,
645 3546 797 3624 πατρινην
825 3540 952 3612 είκότως
982 3540 1193 3623 κληρονομίαν
1222 3540 1395 3624 προσφιλεῖ
1420 3547 1510 3625 μητρί
1538 3541 1757 3624 χαρισάμενος.

181 3652 218 3712 σὺ
239 3654 292 3710 καὶ
314 3647 421 3731 σῴζεις
443 3654 497 3710 καῖ
520 3647 629 3732 σῴζοις
651 3647 705 3729 την
728 3645 829 3728 καλην
851 3644 988 3726 δωρεόν·
1022 3644 1147 3726 μᾶλλον
1168 3646 1204 3709 δὲ
1225 3648 1258 3709 τὸ
1276 3644 1488 3727 όγχίστροηον
1510 3643 1629 3731 σῴζοις,
1653 3643 1757 3728 οἷσπερ

180 3758 233 3813 καί
255 3751 378 3836 σῴζεις,
409 3754 446 3815 τό
467 3774 497 3815 τε
519 3753 631 3832 κρότος
654 3749 801 3824 ὡσαύτως
823 3753 902 3812 κατὰ
925 3752 1055 3813 πάντων
1076 3750 1273 3832 κρατύνουσα
1294 3755 1348 3812 καί
1369 3748 1485 3830 ὁμοίως
1506 3749 1551 3823 είς
1571 3749 1659 3823 τέλος
1681 3749 1758 3812 λθύ-

181 3873 280 3921 νουσα
302 3860 336 3921 τό
359 3857 543 3937 πολίτευμα,
564 3856 621 3939 τήν
640 3879 671 3919 τε
693 3856 788 3919 πόλιν
809 3859 864 3940 τὴν
886 3859 955 3937 σύν,
977 3856 1011 3918 τό
1035 3857 1089 3918 διό
1108 3859 1143 3918 σε
1155 3859 1236 3936 μέγα
1256 3859 1371 3936 θαῦμα
1385 3858 1473 3920 τοῦτο
1496 3858 1549 3916 καί
1562 3854 1757 3936 περιβόητον,

180 3961 220 4042 ἢν
241 3959 284 4035 ὡς
305 3962 428 4039 βασιλὶς
448 3959 600 4040 βασιλίδα
622 3964 759 4041 συνέχεις
779 3967 833 4023 καὶ
855 3963 1012 4039 περιέπεις
1033 3964 1086 4022 καὶ
1107 3964 1162 4043 την
1182 3959 1240 4044 όση
1261 3963 1370 4044 ταύτης
1391 3959 1545 4043 ὐπηκοος,
1577 3961 1614 4046 τῇ
1634 3955 1757 4046 μεγόλη

180 4069 257 4147 χειρί
278 4085 335 4127 σου
358 4067 539 4145 κυβερνῶσα
563 4068 616 4126 καῖ
637 4069 895 4139 κατευθύνουσα,
928 4065 964 4127 έν
984 4063 1146 4149 όκινδῦνῴ
1167 4087 1198 4128 τε
1220 4065 1357 4145 μάλιστα
1378 4065 1417 4129 τό
1448 4065 1538 4127 κοινοὶ
1561 4064 1758 4136 καθιστῶσα,

179 4171 266 4232 nam
288 4167 465 4231 α’ντίπαλόν
486 4192 513 4231 τι
528 4167 704 4250 προσβόλσι
728 4171 806 4230 κόῖνῐ
824 4167 934 4250 ἑτέρως
955 4168 1140 4248 ἀβούλητον,
1164 4167 1241 4250 αῦτη
1258 4173 1470 4254 στρατηγούσα
1485 4171 1539 4229 καὶ
1552 4169 1757 4248 κατορθοῦσα

180 4276 234 4337 τόν
256 4271 398 4352 πόλεμον
408 4284 429 4347 ⁸,
452 4271 529 4355 αὐτη
552 4274 606 4336 τόν
628 4277 684 4336 σόν
697 4272 826 4354 τρόπον,
849 4274 888 4336 δν
904 4272 1004 4349 σίδας,
1026 4273 1064 4336 όν
1078 4276 1209 4348 εἴωθας,
1231 4276 1376 4354 μεσοῦσα
1390 4279 1445 4337 τόν
1459 4270 1615 4358 κίνδυίνον
1680 4272 1758 4336 221ι

251 4493 269 4545 d
286 4496 359 4563 μένει
380 4493 404 4546 D
420 4497 425 4556 Ι
441 4513 455 4544 e
474 4491 525 4545 κόν
544 4493 589 4547 CD
605 4496 610 4554 1
624 4498 648 4561 f
664 4492 862 4560 στρατοπαίδων
881 4493 904 4546 D
920 4496 957 4560 Ιρ
977 4497 1030 4546 Aet.
1049 4513 1086 4557 ¹7·
1106 4495 1186 4557 281t
1206 4495 1251 4546 καί
1268 4493 1407 4546 συνελόντα
1426 4496 1487 4556 BD,
1505 4496 1644 4546 συνελόντα
1663 4493 1691 4546 δὲ
1711 4494 1731 4548 C

179 4565 355 4620 ι’κακιῖσιΟΙ)
372 4574 377 4629 Ι
392 4566 406 4595 ⁸
418 4565 461 4617 τόν
472 4582 560 4634 apogr
574 4628 577 4635 Ι
590 4566 607 4616 ί·
620 4565 769 4634 εὐεργεσίας
781 4565 827 4615 καὶ
842 4581 887 4619 om
901 4568 921 4619 C
936 4570 941 4627 Ι
959 4567 1045 4634 ίγερα
1060 4568 1115 4630 ct),
1134 4569 1232 4635 ’γέραπι
1247 4568 1267 4619 Β
1283 4572 1287 4628 Ι
1305 4567 1489 4633 ιιιῖξητηριαΙ)
1507 4571 1511 4633 Ι
1527 4585 1545 4618 π
1564 4567 1657 4620 omnia
1666 4564 1758 4620 iudea

180 4638 214 4689 δι’
225 4636 313 4701 ίαυτης
325 4653 413 4706 usque
425 4636 460 4690 αδ
474 4636 556 4691 finem
568 4637 703 4691 orationis
715 4635 816 4690 desunt
828 4635 857 4690 in
872 4637 903 4700 Ι),
922 4637 971 4704 qui
992 4654 1042 4706 pro
1055 4638 1113 4691 illis
1123 4640 1191 4692 haec
1205 4638 1364 4692 substituit:
1383 4640 1415 4690 οὐ
1434 4640 1560 4707 ύπόρχιις
1579 4637 1593 4688 ὁ
1611 4639 1639 4697 ίξ
1657 4637 1758 4689 οἰκονο-

178 4709 265 4778 μὴσας
279 4707 323 4772 τὴν
337 4708 448 4773 ἓνοίτητπ
466 4709 512 4759 καὶ
530 4706 574 4762 διό
594 4708 642 4761 σεῦ
659 4709 814 4778 ίχνοίκαμεν
833 4708 876 4760 τὸν
894 4709 988 4776 κόριον
1006 4708 1082 4778 ἡμῶν
1097 4708 1194 4774 Ἰησοῦν
1206 4709 1328 4777 Χριστόν.
1348 4705 1368 4760 ὦ
1382 4710 1397 4774 η
1412 4710 1478 4771 δόξα
1490 4709 1537 4761 καί
1554 4708 1581 4760 τό
1599 4707 1693 4778 κρότος
1710 4709 1758 4762 οὐν

179 4780 212 4852 τῴ
226 4780 339 4851 όνόρχω
358 4779 438 4833 αὐτοῦ
456 4780 535 4850 πατρί
553 4780 599 4832 καί
617 4780 650 4850 τῷ
668 4784 794 4848 παναγίω
808 4779 854 4831 καί
867 4777 965 4846 ἀγαθοί
982 4782 1029 4832 καὶ
1041 4778 1251 4851 ζωοποιῴαότοό
1262 4779 1450 4851 πνεύματινύν
1469 4778 1567 4833 κοίόεὶ
1584 4779 1630 4833 καί
1647 4781 1683 4838 τίς
1700 4780 1759 4840 τούς

182 4853 282 4913 αῖιίνας
290 4852 342 4904 τῶν
353 4854 461 4904 στόνων
473 4853 536 4920 (εἰσ)
555 4851 640 4918 όμὴνε
660 4853 763 4921 quibus
774 4851 865 4906 verbis
876 4853 967 4906 oratio
979 4853 1008 4905 in
1020 4853 1042 4905 D
1053 4853 1150 4906 finitur
1162 4854 1331 4905 δίαόεπιιιπό
1345 4857 1349 4921 Ι
1366 4852 1512 4909 *Proverb
1521 4871 1560 4920 31,
1570 4871 1600 4920 29
1615 4853 1620 4922 Ι
1636 4874 1651 4903 ο
1665 4852 1717 4904 ὅδ’
1727 4852 1757 4915 C,

179 4924 240 4977 οὐδ’
259 4925 280 4978 Β
296 4928 301 4993 Ι
312 4943 334 4994 μ
352 4925 448 4984 ῖκίσιος
466 4926 501 4984 τίς
521 4923 550 4986 C,
570 4923 667 4985 ίκίσιός
683 4942 720 4983 τις
740 4922 883 4993 ΒΙηκόν
902 4922 923 4977 C
939 4925 943 4989 Ι
960 4942 974 4976 r
992 4924 1046 4976 κὰν
1064 4923 1084 4977 C
1101 4935 1105 4987 Ι
1122 4942 1135 4975 ε
1153 4925 1215 4990 nvn}
1233 4941 1409 4994 οτρατηγοτσα
1430 4956 1460 4964 -
1480 4926 1599 4995 πόλεμον
1617 4939 1660 4977 om
1681 4923 1702 4977 B
