4560 6172
501 522 545 585 90

502 689 560 758 οὑν
587 689 796 774 ἀντιγράφων
825 688 927 768 ἀγίων
957 687 1129 773 ἀξιωθήτω
1159 685 1176 752 ὑ
1208 693 1367 771 περικαῶς
1395 688 1475 754 οὑτω
1503 691 1600 753 ταῦτα
1631 687 1756 771 διψῶν,
1795 694 1849 750 καὶ
1879 693 1932 751 τοῦ
1966 687 2097 751 πάντων

504 793 703 879 δωρημάτων
724 793 868 874 μείζονος
890 794 1005 876 δῶρου,
1027 795 1091 856 τῶν
1113 795 1310 875 θεοτιμήτων
1338 791 1440 873 εὑχῶν
1469 796 1522 856 τοῦ
1552 789 1695 872 μεγάλου
1726 796 1779 852 καὶ
1802 791 1921 855 ένθέου
1942 790 2096 855 δεσπότου

501 920 576 979 μου,
598 901 678 978 πρὸς
699 897 738 960 δν
760 896 804 972 ῶς
825 898 988 977 ἐλάχιστος
1010 896 1112 961 πάλιν
1133 898 1266 980 ἔγραψα
1288 896 1413 968 δοῦλος.

592 1001 596 1089 Ι
623 1003 720 1070 166.
742 1001 786 1077 ξζ.
810 997 878 1066 ιΟὑ
899 999 1002 1063 καλὸν
1023 1003 1084 1081 μέν
1105 1007 1159 1062 καὶ
1181 1001 1241 1083 ήδη
1263 1005 1297 1063 τό
1312 999 1433 1081 μέλλον
1455 1000 1760 1081 προμαντευόμενος,
1783 996 1951 1081 ήγιασμένε
2019 998 2096 1063 1071

501 1127 565 1185 μου
594 1105 734 1168 δέσποτα
763 1108 818 1166 καλ
845 1104 920 1188 φίλε
949 1110 1003 1166 καί
1032 1103 1173 1185 ἀδελφέ,
1206 1103 1386 1187 βραδυτῆτα
1414 1103 1611 1183 γραμμάτων
1641 1101 1696 1166 διδ
1727 1106 1782 1184 τήν
1810 1106 1873 1163 τῶν
1896 1101 2095 1182 πραγμάτων

503 1208 676 1293 τραχύτητα
699 1211 941 1288 συνταττόμενος
961 1205 1037 1287 ὑμῖν
1059 1213 1112 1269 καὶ
1135 1207 1308 1290 άπαίρων,·’
1328 1208 1357 1269 ελ
1376 1212 1418 1292 μή
1441 1206 1617 1287 έξελάθου,
1649 1206 1925 1287 προανεφῶνησα,
1954 1205 2037 1267 πολὺ
2058 1204 2094 1266 δὲ

502 1316 641 1393 χείροσιν
662 1311 771 1384 αὑτοίς
792 1311 930 1391 έντυχιὺν
960 1314 1195 1395 ήπροείκασα,
1225 1312 1353 1384 εἰκότως
1382 1315 1435 1372 καί
1464 1312 1602 1391 βράδιον
1631 1312 1652 1393 ή
1680 1309 1870 1393 διενοούμην
1892 1308 2094 1390 ἀντέγραψα,

504 1416 556 1479 ἀεί
577 1439 647 1479 τινα
671 1413 837 1498 ῥᾳστῶνην
857 1414 993 1489 ἐλπίζων
1016 1421 1069 1477 καλ
1090 1415 1269 1498 μεταβολήν
1291 1417 1372 1496 πρδς
1392 1419 1427 1478 τδ
1447 1415 1589 1493 βέλτιον,
1620 1412 1663 1486 ῶς
1684 1416 1775 1475 ἀντι
1798 1415 2001 1498 χρηστότερον
2023 1411 2094 1474 ἀντί

503 1524 567 1584 τῶν
588 1521 742 1582 ἐναντίων
764 1520 866 1598 ἔχοιμι
887 1520 1036 1599 γράφειν.
1067 1519 1146 1585 2νὺν
1168 1518 1224 1585 οὑν
1245 1519 1340 1600 μόλις
1360 1524 1465 1598 τυχοίν
1487 1556 1528 1567 -·
1551 1516 1609 1583 οὑκ
1631 1517 1730 1581 αὑτοῦ
1751 1520 1874 1579 έκείνου
1895 1520 1949 1582 τοῦ
1964 1520 2094 1578 ποθου-

502 1627 618 1705 μένου·
643 1622 764 1687 πολλοὺ
785 1620 847 1703 γάρ
870 1621 914 1683 ἔτι
936 1626 991 1683 καὶ
1013 1623 1063 1685 δεί
1083 1661 1144 1702 -,
1179 1614 1266 1687 ἀλλά
1287 1644 1370 1696 τινος
1392 1621 1491 1705 δρμής
1512 1623 1592 1702 πρός
1613 1623 1717 1684 έκεῖνο
1748 1625 1802 1681 καί
1825 1618 1923 1702 ἀρχής
1945 1618 2093 1701 ἀμυδράς

504 1727 559 1791 διὰ
582 1728 637 1811 τήν
654 1730 751 1790 θείαν
765 1724 1030 1807 φιλανθρωπίαν,
1055 1732 1110 1788 καὶ
1131 1725 1174 1800 ῶς
1195 1726 1231 1790 έν
1254 1726 1343 1808 ήλίου
1367 1726 1577 1809 προδιαυγείρι
1598 1724 1659 1807 ήδη
1681 1728 1738 1785 καὶ
1760 1721 1856 1789 αὑτὸν
1878 1724 2090 1786 ἀνατείλαντα

503 1831 668 1903 πιστεύσας
691 1828 791 1912 ὑράν,
821 1829 1037 1914 εὐθυμότερον
1066 1829 1158 1909 ἔσχον
1186 1852 1214 1892 τι
1234 1833 1350 1910 μικρόν
1371 1836 1425 1892 καί
1447 1827 1645 1902 ἀνέπνευσα,
1682 1831 1880 1911 παραχρήμα
1903 1827 1939 1890 δὲ
1962 1831 2016 1889 καὶ
2038 1832 2092 1891 τοτ’

502 1936 614 2015 χρέους
634 1931 843 2012 εὐγνωμόνως
865 1931 1039 2016 λμνήσθην.
1064 1938 1117 1994 καλ
1140 1931 1324 2012 ἀποδίδωμι
1347 1933 1520 2015 πρόθυμος
1546 1972 1580 1983 -
1604 1933 1634 1995 ελ
1655 1938 1816 2013 καίτυχὺν
1830 1929 2026 2014 ὑπερήμερος
2048 1969 2091 1979 -

502 2040 546 2123 τῷ
569 2038 707 2124 δεσπότῃ
727 2041 788 2117 μὲν
809 2042 864 2117 τήν
886 2037 1108 2119 προσκύνησιν,
1132 2041 1176 2119 τῶ
1198 2037 1235 2098 δὲ
1257 2037 1341 2120 φίλῳ
1363 2041 1418 2112 τήν
1440 2039 1707 2120 προσαγόρευσιν,
1740 2043 1793 2098 καὶ
1817 2035 1871 2099 διά
1894 2035 2092 2115 γραμμάτων

503 2141 697 2225 ἀμφοτέροις
724 2139 882 2220 γνωρίζω,
915 2143 958 2224 τῷ
982 2139 987 2227 Ι
1010 2144 1069 2219 μὲν
1097 2141 1152 2223 τήν
1182 2144 1286 2203 πίστιν
1315 2140 1362 2203 ὅτι
1383 2144 1508 2219 βεβαία,
1541 2145 1585 2224 τῷ
1607 2140 1643 2203 δὲ
1671 2143 1727 2223 τήν
1747 2140 1876 2205 εὔνοιαν
1899 2136 1945 2200 ὅτι
2014 2137 2091 2203 107²

503 2243 728 2329 άμετάβλητος.
784 2242 824 2326 δή
847 2247 907 2324 μὲν
927 2246 1034 2307 τοίνυν
1052 2243 1089 2326 σή
1112 2243 1263 2327 τελειότης
1291 2248 1345 2306 καλ
1364 2247 1590 2325 προσειρήσθω
1611 2243 1719 2306 ταῖσδε
1741 2254 1809 2315 ταῖς
1831 2241 2017 2319 συλλαβαίς,
2038 2245 2091 2302 καί

504 2351 539 2411 τὺ
562 2353 694 2411 πάντων
717 2346 920 2411 δικαιότατον
934 2346 1085 2429 ὄφλημα*
1106 2351 1195 2412 τούτο
1216 2352 1269 2429 τής
1291 2345 1421 2431 ἀγάπης
1435 2346 1641 2426 ἀπολαβέτω·
1664 2347 1702 2410 τά
1726 2348 1806 2426 πρός
1827 2348 1883 2430 τήν
1905 2345 2093 2427 δεσποτικήν

505 2450 541 2515 δέ
564 2458 618 2512 καὶ
640 2455 738 2513 θείαν
758 2451 974 2532 μακαριότητα
996 2448 1167 2513 κάνταῦθα
1190 2452 1247 2513 σὸν
1269 2450 1361 2530 ἔργον
1384 2454 1437 2512 καλ
1458 2458 1511 2531 τής
1531 2451 1718 2531 εἰλικρινοῦς
1739 2453 1782 2535 τῷ
1805 2450 1871 2513 όντι
1894 2450 2021 2531 φιλίας,
2057 2445 2091 2513 εὑ

504 2559 616 2618 θεῖναι
639 2560 747 2617 πάντα
770 2559 825 2616 καί
846 2552 890 2627 ῶς
911 2552 987 2636 ήμίν
1009 2552 1221 2633 καταθύμιόν,
1252 2554 1320 2637 ήτοι
1349 2554 1404 2616 τὺν
1425 2551 1505 2635 ὑπὲρ
1527 2558 1580 2637 τής
1600 2554 1788 2637 ὑστερήσεως
1809 2556 1873 2615 τῶν
1893 2556 2091 2634 γραμμάτων

504 2657 669 2735 ἀπόλογον
690 2659 745 2740 τήν
767 2656 868 2723 αὑτῶν
889 2679 920 2719 τε
941 2656 1058 2722 τούτων
1080 2656 1254 2741 εἰσαγωγήν
1276 2663 1330 2720 καὶ
1351 2664 1406 2740 τήν
1428 2657 1619 2740 παραδοχὴν
1640 2658 1753 2742 ταύτης
1768 2657 1806 2742 δή
1823 2661 1875 2741 τής
1890 2656 2091 2741 φαυλοτάτης

504 2766 729 2845 καρποφορίας
750 2762 788 2846 ἢν
811 2765 1071 2845 συνεπέμψαμεν,
1094 2761 1160 2824 εἶτα
1183 2768 1238 2844 τήν
1258 2762 1330 2843 έμοί
1351 2761 1567 2842 πολυέραστον
1589 2762 1643 2824 διά
1665 2769 1729 2825 τῶν
1743 2762 1871 2825 έκείθεν
1884 2757 2092 2842 ἀντιγράφων

504 2864 684 2947 ἀπόκρισιν.
725 2863 826 2929 ‘tait’
851 2861 909 2929 οὖν
930 2863 1061 2927 ἀπαντα
1083 2865 1188 2938 καλῶς
1210 2871 1263 2927 καί
1286 2864 1383 2941 ἀξίως
1404 2865 1516 2948 ὑαυτής
1539 2863 1556 2948 ή
1580 2865 1762 2949 ἀκραιφνὴς
1783 2865 1878 2948 φιλία
1901 2865 2089 2945 διαθεμένη,

504 2968 749 3035 κατευοδούσθω
772 2969 808 3033 έν
830 2967 933 3032 ἀπασι
956 2968 1183 3051 κοινωφελέσιν
1205 2969 1307 3050 ἔργοις
1328 2974 1382 3030 καὶ
1403 2973 1596 3049 θεαρέσιοις,
1620 2977 1674 3031 καί
1696 2974 1746 3032 σοὶ
1766 2971 1805 3032 τότ
1828 2968 1977 3052 κράτιστα
2000 2973 2089 3048 παρὰ

503 3076 558 3139 τοῦ
580 3075 661 3137 θεοὺ
678 3075 741 3136 τῶν
762 3071 896 3134 δικαίων
919 3071 978 3156 (ῶς
998 3077 1052 3134 καὶ
1074 3070 1158 3158 αὐτῷ
1181 3073 1295 3157 δικαίῳ
1317 3073 1549 3157 διαφερόντως)
1573 3078 1630 3139 νύν
1651 3097 1681 3136 τε
1704 3075 1819 3156 παρείη
1849 3078 1903 3135 καί
1932 3072 1984 3136 ἀεὶ
2005 3096 2090 3154 παρ-

505 3176 582 3239 όντα
603 3176 646 3259 μή
670 3175 824 3243 διαλίποι.

594 3279 598 3365 Ι
625 3281 717 3347 167.
741 3285 788 3362 ξη.
814 3278 985 3366 ιΕὑθηνία
1006 3283 1066 3361 μὲν
1087 3281 1219 3343 ἅπαντα
1241 3284 1279 3343 τά
1302 3283 1374 3365 τήδε
1397 3284 1522 3343 κακῶν·
1546 3286 1605 3363 μία
1627 3282 1816 3345 δέπὶπάσι
1829 3279 1947 3355 τούτοις
2014 3283 2090 3347 108¹

504 3381 660 3466 ἀναψυχή
681 3384 759 3462 μετά
780 3386 836 3466 τήν
857 3387 956 3447 θείαν
976 3387 1164 3468 χρηστότητα
1187 3391 1239 3446 καὶ
1261 3387 1316 3469 τήν
1337 3385 1382 3458 είς
1410 3385 1532 3468 έιείνην
1561 3383 1697 3459 ἐλπίδα,
1730 3385 1748 3467 ή
1780 3387 1887 3467 μνήμη
1916 3388 1978 3447 τῶν
2005 3385 2092 3465 έμῶν

504 3490 622 3570 κυρίων
644 3497 698 3550 καί
719 3487 833 3568 φίλων,
856 3487 986 3570 φίλτατέ
1007 3510 1062 3569 μοι
1084 3493 1138 3550 καὶ
1159 3492 1239 3567 τίμιε
1260 3495 1314 3549 καὶ
1337 3488 1407 3565 άγιε
1429 3480 1543 3570 κύρι’ίο,
1567 3484 1613 3551 ῶν
1634 3489 1670 3551 έν
1691 3500 1756 3561 τοίς
1774 3488 1913 3567 μάλιστα
1938 3494 1991 3550 καὶ
2014 3487 2092 3552 ὅσον

504 3592 665 3671 ἐξαίρετον
685 3589 768 3669 ὑμᾶς
790 3590 848 3653 ἀπ’
870 3590 969 3675 ἀρχῆς
992 3596 1046 3653 καλ
1066 3593 1105 3654 τά
1129 3590 1261 3672 ὑμέτερα
1282 3594 1442 3673 τάττομεν.
1489 3591 1563 3653 2καὶ
1584 3590 1653 3656 οὐδ’
1674 3593 1717 3655 ἔτι
1739 3598 1793 3654 καὶ
1823 3594 1880 3655 νύν
1907 3596 1963 3674 τήν
1991 3592 2092 3675 καλήν

505 3700 620 3779 ταύτην
641 3697 754 3775 ἔχομεν
769 3693 919 3777 Ιἀμείψαι
940 3695 1031 3771 τάξιν
1052 3692 1174 3776 ἑτέρως,
1202 3694 1272 3758 ἀλλ’
1295 3694 1338 3768 ῶς
1359 3695 1483 3779 ἐτάχθη
1505 3697 1539 3759 εδ
1563 3701 1698 3776 πρῶτον,
1721 3695 1817 3769 οὑτως
1838 3697 1883 3768 είς
1898 3696 1990 3779 δεῦρο
2006 3701 2093 3775 μένει

506 3805 560 3860 καὶ
589 3809 801 3884 συντηρείται·
834 3799 961 3870 πάντως
993 3798 1029 3863 δὲ
1059 3804 1113 3861 καί
1141 3801 1426 3884 συντηρηθήσεται,
1459 3803 1518 3873 ἕως
1549 3802 1699 3882 αἴσθησις
1728 3799 1843 3863 ἔνεσαν
1877 3798 1953 3882 ήμίν
1973 3807 2093 3872 τιςκαί

504 3902 621 3985 μνήμη,
644 3907 697 3963 καί
721 3902 816 3967 ούδδν
836 3900 1067 3983 ἐγχειρήσομεν,
1099 3900 1167 3968 οὐδ’
1189 3906 1231 3965 ἀν
1253 3907 1473 3983 πειραθῶμεν,
1503 3906 1615 3984 ἕξομεν
1637 3907 1711 3976 ἴσως
1734 3907 1785 3987 τῆς
1809 3901 1960 3985 ὑμετέρας
1982 3904 2094 3986 φιλίας

505 4029 542 4068 τι
555 4011 609 4068 καλ
631 4006 725 4088 δόξης
747 4008 932 4086 προθεῖναι,
955 4012 1010 4085 τήν
1032 4006 1083 4068 ἐπ’
1107 4008 1201 4093 ἀρετή
1223 4006 1304 4082 λέγω
1327 4007 1440 4083 δόξαν,
1471 4008 1541 4070 έπελ
1561 4017 1630 4080 ταῖς
1652 4008 1778 4082 ἔξωθεν
1799 4009 1926 4080 ταύταις
1947 4006 1985 4072 οὑ
2006 4010 2094 4070 πάνυ

505 4134 534 4173 τι
555 4103 698 4190 σχολάζω
720 4111 894 4188 προσέχειν.
941 4106 1050 4191 1πλήν
1072 4114 1125 4170 καὶ
1146 4110 1261 4193 ταύτην
1282 4109 1432 4194 κάκείνην
1454 4110 1586 4173 πάντων
1608 4111 1678 4192 ἅμα
1702 4116 1880 4192 προέχοιτε,
1913 4117 1968 4175 καί
1987 4112 2096 4195 μηδεὶς

505 4213 596 4294 ὑμῶν
616 4210 771 4295 ἁγιότητι,
799 4211 842 4294 μή
869 4213 943 4289 βίου
972 4212 1183 4297 λαμπρότητι,
1218 4215 1329 4298 μηδενί
1359 4219 1422 4277 τῶν
1451 4216 1560 4279 ἀλλων
1588 4217 1698 4278 καλῶν
1723 4255 1757 4266 -
1789 4220 1852 4278 τῶν
1873 4217 2097 4299 δοκούντωνή

505 4318 668 4380 ὄντων-
691 4319 756 4390 έξοι
779 4338 808 4377 τι
830 4315 939 4390 πλέον,
963 4314 1036 4378 ἀλλ’
1059 4315 1148 4381 αὑτολ
1172 4323 1357 4398 πρωτεύοιτε
1380 4319 1509 4382 πάντων
1524 4320 1595 4382 ἐπὶ*
1610 4326 1691 4383 πᾶσι
1705 4323 1823 4393 τούτοις
1837 4318 1898 4394 ἀεί,
1921 4323 2096 4396 παγγενεί*

504 4443 537 4484 τε
557 4422 718 4500 χαίροντες
740 4416 820 4496 άμα,
844 4422 898 4479 καί
920 4422 1108 4481 πανοικεσία
1130 4420 1341 4502 σῳζόμενοι*·
1373 4422 1482 4488 τούτου
1503 4424 1564 4504 γάρ
1587 4421 1681 4487 οὐδέν
1705 4423 1813 4504 μεῖζον
1840 4425 1903 4503 ἔχει
1924 4427 2097 4506 προσάγειν

504 4525 768 4606 ήκαρποφορείν
789 4518 807 4603 ή
830 4521 953 4604 γραφή.
1728 4570 1732 4577 .

592 4629 691 4695 168.
724 4629 779 4701 ξθ.
816 4625 1000 4705 1Είιιασμός
1029 4649 1073 4701 τις
1094 4625 1214 4713 ἄδηλος
1236 4629 1299 4708 ἔχει
1321 4653 1378 4710 με,
1413 4637 1467 4692 καί
1490 4630 1567 4715 ζητῶ
1589 4635 1644 4716 τήν
1666 4632 1670 4718 ί
1693 4629 1858 4715 ἀλήθειαν
1880 4630 1948 4694 ἀνι·
2019 4633 2097 4699 108²

505 4732 634 4810 χνεὺσαι
658 4735 712 4792 καὶ
735 4730 915 4810 συλλαβεῖν,
938 4731 1159 4813 μακαριωτατέ
1179 4754 1235 4811 μοι
1258 4737 1312 4793 καὶ
1325 4732 1457 4814 φίλτατε
1480 4740 1534 4795 καὶ
1550 4735 1620 4813 ἅγιε
1636 4736 1789 4798 δέσποτα·
1811 4739 1876 4818 μήν
1888 4736 1950 4817 γάρ
1963 4736 2099 4815 έβδομδς

577 4853 682 4919 3R0m
703 4871 741 4919 13,
760 4857 825 4920 813
845 4855 889 4907 En?
908 4855 928 4909 0
948 4854 1138 4919 θίαδιιτιιιπδΙ
1155 4874 1168 4922 3
1188 4852 1309 4926 παγγενή
1326 4855 1414 4912 codex
1431 4857 1465 4925 Ιχ
1489 4857 1575 4912 Actor
1595 4863 1632 4923 1⁶,
1651 4877 1682 4925 34
