4560 6172
1743 572 1797 637 λθ

199 742 252 803 τοῦ
276 737 374 821 φίλου
397 741 451 799 καλ
472 742 528 810 τάς
549 733 653 809 ἀκοάς
673 736 906 816 περιέλαμψεν,
938 735 981 809 ῶς
1010 736 1088 801 ὅλον
1114 734 1213 810 εῦθὺς
1243 735 1480 818 ἀμφοτέρωθεν
1507 742 1686 821 χαροποιοῦ
1709 736 1796 819 λαμ-

201 841 345 925 πηδόνος
368 839 635 924 ἀναπλησθῆναι.
679 839 844 912 ὑποταπδς
866 837 924 904 οὖν
945 838 1011 919 ἀρα
1031 840 1140 920 μέλλει
1162 844 1343 922 φανεῖσθαι
1359 839 1376 904 ό
1392 840 1490 925 ἀστὴρ
1504 839 1797 925 αότδςάναφάνας,

200 942 298 1008 ὑπότε
319 948 374 1007 καί
394 945 495 1023 μικρά
518 965 563 1016 τις
584 941 706 1004 έκείνου
729 942 875 1017 διαύγεια
898 947 1048 1025 τοσαύτην
1067 943 1296 1023 ἐνεργάζεσθαι
1319 944 1455 1010 δόναται
1476 957 1546 1018 ταῖς
1564 955 1686 1027 ψυχαῖς
1709 943 1800 1028 ημῶν

201 1044 370 1132 ἱλαρότητα
377 1076 389 1125 ,·
434 1045 631 1127 θάνάφανον
653 1043 709 1110 οὖν
730 1051 806 1108 ποτε
829 1051 910 1125 πρός
931 1047 1016 1130 ημᾶς
1039 1046 1229 1128 έπανηκων,
1264 1046 1282 1108 δ
1306 1046 1453 1131 ἡμέτερος
1483 1049 1583 1121 ὄντως
1613 1047 1799 1130 φωτσβόλος

202 1150 320 1234 ἀστήρ·
343 1149 382 1215 οὗ
403 1153 465 1232 γάρ
489 1146 678 1228 ἀνεχόμεθα
701 1148 742 1230 δή
765 1165 799 1210 σε
821 1161 885 1221 τοῖς
907 1152 1196 1232 κατηστερισμένοις
1216 1147 1335 1224 τοὺτοις
1357 1149 1545 1225 συντάττειν,
1578 1149 1622 1223 ῶς
1643 1150 1678 1225 ἐξ
1700 1148 1798 1213 ἀλλο-

203 1258 291 1335 τρίας
312 1255 416 1327 αῖτίας
439 1254 621 1331 δεχομένοις
642 1251 698 1332 τῆν
719 1254 842 1335 κίνησιν
863 1288 907 1302 -
935 1254 979 1314 έῶ
1008 1257 1070 1334 γάρ
1092 1253 1195 1315 εἰπεῖν
1216 1252 1264 1315 ὅτι
1286 1257 1340 1314 καλ
1362 1255 1395 1315 τό
1420 1257 1491 1336 φῶς
1513 1250 1723 1336 ἀμβλυτέροις
1747 1291 1797 1327 —-,

203 1358 290 1423 ἀλλά
313 1379 348 1421 σε
370 1368 435 1431 τοῖς
461 1357 599 1436 πλάνησι
621 1357 760 1426 τιθέντες
781 1354 964 1435 ένάριθμον
985 1392 1028 1405 -
1057 1361 1112 1417 καὶ
1139 1360 1201 1439 γάρ
1233 1355 1271 1439 δὴ
1304 1362 1358 1419 καί
1388 1357 1544 1441 πλάνητες
1565 1354 1654 1439 ὑμεῖς
1676 1353 1706 1420 οἳ
1729 1379 1798 1440 κρι-

203 1466 265 1541 ταί,
288 1464 324 1525 έν
346 1462 461 1524 ἀλλοτε
483 1458 565 1544 ἀλλη
588 1464 650 1519 τῶν
672 1458 836 1537 ἐπαρχιῶν
864 1457 869 1543 1
902 1459 1113 1539 διατρίβοντες
1140 1496 1184 1508 —·
1218 1463 1439 1542 προαιρετικὴν
1461 1458 1578 1522 ῶσανεὶ
1599 1464 1653 1522 καὶ
1741 1460 1800 1525 89²

204 1568 327 1631 οἰκείαν
347 1564 405 1649 τήν
427 1566 537 1645 φοράν
566 1558 772 1640 ἀπαιτοῦμεν.
823 1560 943 1624 *ἔνθεν
972 1585 1019 1625 τοι
1050 1566 1105 1623 καλ
1134 1565 1190 1625 τόν
1222 1566 1304 1645 πρὸς
1334 1561 1419 1645 ἡμᾶς
1448 1561 1694 1643 ἀναποδισμόν,
1729 1563 1799 1635 τοῦς

205 1668 310 1734 πάλαι
332 1664 522 1736 ποθοῦντάς
544 1680 601 1725 σου
623 1664 679 1745 τὴν
699 1663 851 1738 γλυκεῖαν
873 1669 991 1747 φάσιν,
1019 1664 1253 1746 έπισπεὺδομεν
1281 1665 1342 1749 ἤδη
1371 1672 1425 1728 καὶ
1447 1669 1689 1746 κατεπείγομεν·
1724 1666 1799 1746 ἀχρι

206 1771 269 1854 γάρ
299 1774 383 1842 τίνος
410 1769 554 1847 έμμενεῖς
574 1748 639 1835 τοῖς
661 1761 770 1847 ἑφόις,
804 1766 879 1830 δέον
909 1769 969 1851 ἤδη
999 1772 1075 1831 ποτε
1104 1773 1159 1830 καὶ
1187 1780 1251 1842 τοῖς
1280 1770 1348 1832 έκεῖ
1371 1789 1405 1831 σε
1427 1772 1640 1850 προπέμψασι
1665 1767 1802 1841 ἀστικοῖς

205 1875 282 1959 ὑμῖν
304 1873 507 1952 ἀναλάμψαι
512 1898 524 1947 ,·
548 1868 692 1944 ὓῖδοιμεν
714 1866 771 1933 οῦν
793 1888 827 1931 σε
849 1877 893 1952 τηῦ
914 1877 977 1933 τῶν
1000 1870 1122 1950 ἀρετῶν
1145 1875 1226 1953 φωτί
1247 1876 1417 1953 φαίνοντα,
1441 1876 1495 1934 καί
1515 1871 1643 1952 μᾶλλον
1663 1868 1802 1948 έγγόθεν

206 1982 228 2062 η’
258 1978 433 2058 πόρρωθεν
460 1972 545 2057 ἧμάς
573 1972 820 2046 καταυγάζοντα.
855 1974 873 2034 ὑ
905 1973 1061 2046 πολλάκις
1090 1972 1275 2053 εὐξάμενοι,
1307 1979 1365 2040 νῦν
1394 1974 1455 2059 ἤδη
1486 1981 1540 2036 καὶ
1563 1974 1801 2056 προσδοκῶμεν.

209 2082 301 2162 8περὶ
326 2081 364 2143 δέ
383 2102 419 2155 γε
440 2082 502 2140 τῶν
524 2072 738 2155 ἐγκλημάτων,
762 2076 845 2159 άπερ
867 2077 946 2141 οὑτω
969 2077 1090 2157 ῥᾳδίως
1113 2077 1253 2140 ὀπάντα
1267 2080 1304 2141 σὺ
1318 2090 1463 2157 γενναῖος
1478 2078 1615 2161 ἤλπισας
1628 2077 1802 2143 ὑπεκδῦναι

209 2220 249 2232 -
273 2187 325 2267 τῆς
348 2181 482 2263 ἀφιλίας
503 2205 534 2242 τε
556 2180 636 2254 λέγω
661 2187 714 2241 καὶ
736 2183 788 2260 της
808 2180 853 2251 είς
875 2181 909 2242 τδ
933 2180 1028 2259 δεῦρο
1050 2185 1136 2263 σιγῆς
1165 2219 1200 2229 -
1226 2178 1440 2261 ἀκουσόμεθά
1462 2198 1521 2243 σου
1543 2185 1598 2241 καὶ
1619 2180 1737 2253 πάλιν,
1771 2181 1801 2242 ελ

209 2289 302 2368 μέχρι
325 2289 377 2368 τῆς
400 2279 525 2367 ἡδίστης
548 2283 634 2363 ῶρας
655 2284 772 2363 έκείνης
798 2280 875 2365 ἡμῖν
897 2283 1083 2365 έπιτραπείη
1105 2288 1139 2345 τδ
1163 2282 1227 2365 ζῆν.
1249 2280 1323 2346 ἀλλ’
1345 2283 1540 2366 ἐπιτραπείη,
1563 2287 1618 2344 καλ
1640 2282 1800 2366 ζήσαιμεν,

209 2396 265 2452 ῖνα
288 2409 344 2450 σου
367 2390 420 2468 τῆς
444 2390 527 2458 θέας
548 2386 849 2465 καταπολαῦσωμεν.
910 2386 985 2447 τκαὶ
1014 2387 1097 2464 τάχα
1128 2391 1438 2467 συγγνωμονέστερον
1463 2391 1507 2470 τῶ
1535 2389 1654 2465 κρίνειν
1683 2386 1802 2459 ἀλλους

209 2491 349 2570 λαχόντι,
372 2494 443 2569 περὶ
464 2491 577 2571 ταύτην
598 2492 653 2572 την
675 2492 777 2569 κρίσιν
799 2488 887 2570 ὑμεῖς
908 2491 1247 2572 προσενεχθησόμεθα.
1300 2488 1440 2572 8θάρρει
1462 2491 1583 2571 μόνον·
1605 2493 1660 2551 καὶ
1679 2492 1802 2573 χαίρων

211 2597 291 2678 πρός
314 2593 400 2675 η’μᾶς
419 2593 608 2672 έπανέρχου.

303 2698 395 2764 1216.
416 2694 464 2774 μζ.
489 2695 594 2775 1Ἐμοί
617 2695 747 2758 πάντων
768 2698 913 2775 μέγιστον
934 2695 952 2779 ἢ
976 2697 1014 2778 οη
1037 2694 1183 2778 σωτηρίά,
1205 2699 1260 2762 τοῦ
1283 2695 1414 2758 πάντων
1439 2695 1511 2776 ἐμοὶ
1531 2700 1717 2778 τιμιωτάτου
1737 2699 1803 2760 τῶν

211 2800 326 2883 φίλων,
356 2800 395 2881 ἣν
417 2798 549 2876 ἔναγχος
569 2797 653 2885 ἡμῖν
674 2799 842 2879 ἐχαρίσατο
866 2799 956 2878 παρά
980 2802 1092 2861 πάσαν
1112 2798 1232 2862 έλπίδα
1254 2797 1272 2861 ὅ
1296 2800 1375 2872 θεὸς
1395 2802 1449 2863 τοῦ
1477 2799 1603 2877 έλέους,
1637 2800 1655 2863 ό
1719 2801 1801 2866 -90¹

212 2905 291 2976 θεὸς
322 2908 385 2965 τῶν
415 2905 549 2984 σημείων
579 2908 633 2963 καὶ
662 2906 725 2965 τῶν
756 2903 909 2981 τεράτων,
946 2897 981 2962 *ὑ
1012 2906 1117 2964 ποιῶν
1146 2905 1319 2982 θαυμάσια
1340 2901 1448 2981 μόνος.
1494 2903 1596 2984 2μέγα
1626 2903 1663 2966 δὲ
1692 2906 1746 2965 καί
1766 2904 1802 2966 τό

210 3006 345 3090 γράμμα
367 3043 410 3053 -
433 3009 501 3078 πῶς
522 3007 584 3085 γάρ
607 3005 663 3082 οῦς
688 3043 726 3053 -
749 3004 918 3081 εὐαγγέλια
940 3007 1058 3083 βέβαια
1080 3008 1133 3069 τοῦ
1154 3005 1255 3069 καλοῦ
1276 3006 1384 3069 τοότου
1407 3008 1517 3088 φέρον.
1540 3010 1574 3070 τό
1598 3007 1634 3069 δὲ
1652 3007 1803 3089 περισσόν

212 3115 340 3183 τούτοιν,
364 3107 489 3186 πόθενς
511 3110 549 3172 οῦ
570 3131 629 3188 μεν
651 3105 708 3172 οῦν
729 3109 764 3170 έκ
786 3111 840 3170 τοῦ
863 3111 1006 3189 πονηροῦ
1031 3146 1069 3156 -
1093 3109 1112 3171 ὑ
1142 3108 1180 3190 δὴ
1206 3112 1381 3188 γέγραπται
1408 3146 1463 3184 -,
1500 3109 1587 3172 ἀλλά
1618 3109 1801 3175 τοῦναντίον

212 3219 265 3276 καὶ
288 3212 362 3274 λίαν
383 3212 417 3273 έκ
440 3215 494 3274 τοῦ
516 3211 647 3288 ἀγαθοῦ
669 3216 723 3271 καὶ
746 3213 895 3292 χρηστοῦ·
927 3211 963 3272 έκ
985 3213 1039 3274 τοῦ
1061 3211 1319 3293 φιλοδωροτάτου
1341 3212 1402 3294 γάρ
1424 3232 1479 3291 μοι
1501 3214 1539 3276 τά
1563 3213 1671 3295 δῶρα,
1704 3211 1800 3299 καὶῆ

211 3314 339 3381 εὐποιία
362 3318 441 3376 κατά
465 3317 656 3397 συνήθειαν.
699 3313 791 3376 θάλλ
815 3315 886 3375 ἀντὶ
906 3314 1023 3378 τούτων
1053 3312 1148 3388 αὑτός
1175 3338 1231 3394 μοι
1260 3317 1316 3377 τδν
1336 3318 1389 3398 τῆς
1409 3312 1606 3401 εῦφροσόνης
1626 3319 1744 3397 χιτῶνα
1765 3317 1801 3379 έκ

212 3424 292 3485 θεοῦ
315 3418 513 3498 περιβάλοιο,
537 3424 591 3479 καὶ
611 3419 645 3479 τό
667 3419 722 3482 τοῦ
745 3420 897 3499 σωτηρίου
919 3414 1048 3496 ὑμάτιον
1074 3418 1120 3490 είς
1147 3417 1287 3502 ἀμοιβὴν
1308 3424 1361 3502 τῆς
1383 3422 1511 3499 χάριτος
1532 3419 1732 3499 ἀντιλάβοις,
1755 3419 1802 3484 ότι

211 3523 305 3587 οῦδὲν
328 3521 394 3587 οὐδ’
414 3521 476 3586 ὑπῦ
499 3525 562 3582 τῶν
583 3520 742 3585 κινδύνων
763 3521 838 3604 ἡμῖν
857 3520 1027 3602 έζημίωσαι
1042 3522 1095 3602 τῆς
1111 3525 1265 3603 προτέρας
1280 3523 1399 3606 έκείνης
1413 3523 1458 3595 είς
1472 3524 1586 3605 φιλίαν
1600 3523 1802 3609 θερμότητος,

211 3627 317 3707 ῶσπερ
340 3627 414 3691 οὐδὲ
443 3629 495 3709 τῆς
522 3625 622 3706 άλλης
643 3623 771 3706 ἀρετῆς,
804 3625 842 3704 ἣν
865 3622 883 3706 ηι
906 3625 943 3705 or>
967 3623 1120 3705 τελειότης
1140 3625 1353 3709 παντοδαπην
1379 3625 1522 3689 έπλοότει
1551 3625 1642 3707 παρά
1667 3628 1758 3702 θεοῦ,
1781 3624 1802 3709 ἦ

212 3749 262 3796 σοι
285 3735 338 3792 καὶ
359 3728 542 3794 εὑπλοοῦντι
567 3727 669 3789 πάλαι
694 3732 792 3809 συνῆν
815 3732 869 3788 καὶ
891 3728 1104 3810 ναυαγήσαντι
1126 3731 1184 3790 νῦν
1198 3730 1424 3813 συνεξενηξατο
1446 3735 1500 3792 καί
1514 3729 1801 3814 συνηκολούθησεν,

299 3837 389 3900 Ιὶίῖ.
411 3857 465 3916 μη.
491 3835 562 3896 1Ἓν
582 3839 687 3914 μόνον
709 3832 821 3911 ἔχομεν
842 3831 877 3892 ἐκ
894 3829 1025 3910 δυσμῶν
1040 3828 1167 3894 ἀκούειν
1178 3833 1320 3911 χρηστόν,
1344 3831 1592 3915 εὐθηνουμένων
1614 3830 1717 3896 τάλλα
1739 3845 1802 3907 τοῖς

211 3937 367 4008 έναντίοις
389 3973 431 3984 -
453 3939 508 4017 τὴν
530 3941 582 4018 τῆς
605 3943 660 4019 σῆς
682 3935 841 4016 ὁσιότητος
863 3931 944 4015 ζωην
966 3937 1020 3992 καὶ
1042 3930 1160 4007 ὑγείαν,
1193 3933 1257 4015 η’τις
1283 3934 1353 3997 ἀντὶ
1383 3936 1514 3998 πολλῶν
1534 3934 1610 4019 η’μῖν
1632 3936 1751 4013 ἀλλων,
1783 3939 1804 4019 ἤ

210 4045 266 4103 καί
287 4041 357 4101 ἀντί
379 4040 519 4116 πάντων,
543 4039 547 4126 Ι
573 4037 673 4120 ἀρκεῖ.
720 4038 731 4076 ‘²
739 4040 832 4116 χάρις
862 4033 920 4100 οὖν
946 4038 990 4119 τῷ
1020 4036 1065 4106 είς
1093 4036 1187 4117 δεῦρο
1210 4043 1414 4123 χαρισαμένῳ
1435 4041 1549 4122 ταύτην
1570 4037 1655 4121 ἡμῖν,
1744 4040 1802 4105 9ολ

210 4145 257 4218 είς
289 4144 328 4205 ὃν
356 4142 521 4222 ἐλπίζομεν
550 4143 597 4205 ὅτι
626 4151 780 4222 χαριεῖται
810 4143 864 4200 καὶ
893 4139 946 4201 ἔτι.
991 4137 1048 4200 8τά
1072 4141 1151 4200 καθ’
1175 4137 1258 4220 ἡμᾶς
1279 4140 1316 4204 δὲ
1338 4140 1415 4204 ὅσον
1436 4142 1489 4204 έπὶ
1510 4145 1554 4224 τῷ
1577 4142 1713 4222 σάματι,
1748 4149 1802 4204 καὶ

210 4249 317 4328 μέντοι
340 4251 393 4306 καί
415 4251 451 4333 τῇ
474 4249 581 4332 ψυχῇ,
612 4245 736 4315 ἑαυτοῖς
758 4243 840 4304 ἐστὶν
862 4241 979 4320 ὅμοια·
1012 4240 1237 4321 ἀρρωστοῦμεν
1259 4247 1320 4327 γάρ
1343 4246 1386 4308 ἔτι
1409 4262 1458 4308 σοι
1480 4247 1547 4307 κατ’
1569 4245 1670 4327 ἀμφω
1692 4268 1801 4327 παρα-

210 4350 368 4433 πλησίως·
400 4350 554 4430 φείδομαι
583 4350 645 4430 γάρ
675 4349 777 4409 εἰπεῖν
804 4343 846 4417 ῶς
875 4344 935 4427 ἤδη
958 4366 1021 4407 που
1043 4346 1155 4419 τελέως
1175 4352 1230 4408 καὶ
1252 4347 1487 4429 νενεκριόμεθα.
1535 4348 1596 4408 *τά
1618 4347 1743 4422 ἔξωθεν
1766 4348 1802 4411 δέ

209 4457 263 4536 τῆς
284 4456 458 4535 συνηθείας
479 4450 653 4531 βαρύτερα·
683 4450 701 4512 ὃ
730 4454 791 4529 γάρ
821 4447 924 4529 μόνον
947 4451 1134 4530 προσηνεῖς
1158 4455 1357 4534 παρηγορίαν
1380 4452 1466 4534 η’μῖν,
1495 4449 1512 4535 ἢ
1544 4449 1732 4530 ἐλευθερία,
1767 4453 1801 4514 τό

208 4558 308 4628 ὄντως
331 4555 536 4639 ἀδιατίμηιον
557 4560 663 4636 χρῆμα
687 4560 740 4614 καὶ
762 4553 881 4622 πανιὺς
904 4550 1006 4613 ἀλλοο
1028 4551 1134 4632 μεῖζον
1157 4561 1211 4615 καὶ
1234 4555 1517 4637 προσφιλέστερον,
1547 4553 1727 4637 ἀποστῆναι
1749 4560 1802 4618 καὶ

208 4665 297 4726 τοῦτο
319 4657 493 4722 κινδυνεόει
517 4663 575 4725 νῦν
598 4660 658 4741 ἀφ’
681 4657 781 4741 η’μῶν,
804 4657 857 4717 ἐπὶ
879 4659 967 4727 πνάς
990 4658 1132 4735 θρόνους
1154 4662 1208 4718 καὶ
1228 4660 1371 4739 βαθμῶν
1394 4661 1561 4740 προκοπὰς
1583 4662 1635 4740 τῆς
1656 4658 1804 4733 έξουυίας

207 4762 412 4845 βιαζομένης,
446 4767 500 4823 καὶ
521 4763 700 4845 μεταβολην
721 4763 756 4836 έξ
786 4757 928 4842 ἀνάγκης
950 4760 1129 4838 ἐπενεγκεῖν
1149 4767 1192 4847 τῷ
1215 4764 1294 4824 καθ’
1316 4759 1400 4845 ἡμᾶς
1420 4761 1529 4838 γλυκεῖ
1548 4759 1645 4846 τούτῳ
1667 4765 1722 4824 καὶ
1742 4783 1802 4841 γα-

282 4905 293 4938 1
314 4884 408 4939 Psalm
426 4903 460 4937 οα
481 4888 509 4937 18
