4560 6172
353 532 414 596 176
793 564 796 569 ·
1857 535 1944 604 18⁸

347 723 426 781 μους
457 701 581 776 ἑαυτοῖς
612 705 866 782 θησαυρίσομενς
899 703 990 778 μέχρι
1012 703 1096 774 τίνος
1132 701 1323 783 συλλέξομεν
1360 705 1465 783 χερσῖν
1502 700 1701 779 ἀκαρπίαν*,
1735 707 1778 787 τῷ
1806 705 1942 787 μυθικηῖ

348 806 482 887 κοσκίνῳ
498 803 502 888 ἡ
517 809 570 866 καὶ
587 804 769 888 αολυτρῆτηι
784 806 829 878 είς
841 805 896 869 τόν
908 807 949 882 μὴ
966 807 1112 878 στέγοντα
1133 810 1244 868 τοῦτον
1266 808 1369 867 πίθον
1391 804 1653 885 ῦδροφοροῦντες,
1675 810 1729 868 καλ
1750 809 1794 888 τῷ
1859 807 1941 874 248¹

347 913 399 988 τῆς
421 907 553 986 γαστρός
583 905 705 992 ἀπίστῳ
733 910 850 990 ταμείῳ
873 910 927 978 τὰς
950 905 1069 988 ἡδονὰς
1089 907 1278 987 φιλοπόνως
1301 911 1508 988 πανταχόθεν
1530 907 1814 989 παρακομίζοντεςς
1846 911 1941 991 μέχρι

346 1009 407 1072 ποῦ
428 1009 465 1069 τό
489 1008 624 1073 ἐνύπνια
647 1017 699 1094 τῆς
721 1033 751 1073 τε
767 1017 838 1091 περὶ
851 1015 884 1073 τό
899 1014 991 1089 σῶμα
1008 1010 1200 1091 φιλοκαλίας
1222 1016 1276 1072 καλ
1296 1016 1349 1093 τῆς
1370 1011 1423 1074 ἐπί
1446 1010 1573 1092 πλούτῳ
1596 1010 1777 1093 φιλοτιμίας
1799 1016 1852 1073 καί
1874 1015 1939 1075 τῶν

348 1109 456 1173 ἀλλων
478 1111 622 1174 ελδώλων
644 1119 697 1174 καὶ
720 1114 897 1194 φασμάτων
921 1119 973 1173 καί
997 1113 1141 1187 πλάνων,
1172 1114 1194 1174 ἃ
1225 1117 1279 1174 καὶ
1302 1117 1367 1189 νῦν,
1402 1116 1445 1173 ἀν
1466 1111 1669 1193 ἐκνῆυιωμεν,
1703 1111 1801 1175 ου’δὲν
1822 1114 1937 1191 ἔχοντα

345 1212 444 1275 πλέον
466 1218 646 1295 φαντασίας
668 1227 834 1297 φανεῖται,
869 1218 931 1278 κάν
952 1215 1009 1277 οὐκ
1031 1216 1240 1295 ἐκνὴιμωμεν*
1266 1215 1316 1289 δέ,
1350 1217 1415 1294 μετ’
1445 1214 1553 1288 ὀλίγον
1583 1214 1710 1286 πάντως
1738 1215 1835 1300 (ὅπερ
1857 1215 1935 1299 ἔστι)

345 1326 494 1397 φανεῖται
525 1317 731 1399 ἀνύπαρκτα,
772 1322 827 1403 τὴν
854 1319 976 1381 ἑαυτῶν
1009 1318 1137 1402 ἀπάτην
1168 1318 1250 1395 ὁμοῦ
1278 1322 1331 1379 καλ
1358 1321 1413 1400 τῆν
1443 1319 1561 1379 ἀνοιαν
1591 1316 1681 1399 ἡμῶν
1708 1318 1934 1400 πολιτεύοντα,

345 1418 365 1480 δ
385 1422 509 1497 μαθεῖν
531 1418 712 1494 ἀκινδύνως
735 1424 797 1501 πρό
820 1425 875 1484 τοῦ
892 1409 1022 1483 ’παθεῖν
1044 1424 1304 1502 συμφορώτερον·
1330 1422 1385 1483 σύν
1407 1425 1496 1499 κακῶ
1516 1426 1578 1500 γὰρ
1601 1420 1635 1481 τό
1653 1421 1764 1492 πάθος
1778 1417 1952 1504 βοηθείας“

345 1521 552 1604 λσχυροτέρφ·
587 1529 641 1584 καὶ
669 1534 757 1588 τοῦτο
787 1527 955 1604 τοιγαροῦν
987 1528 1047 1596 ἐως
1077 1526 1144 1603 ἀρα
1174 1548 1200 1586 τι
1227 1523 1336 1601 μέλλει
1365 1523 1571 1597 λυσιτελεῖν*,
1609 1528 1663 1585 καὶ
1692 1526 1772 1602 πρός
1799 1525 1843 1587 ἔτι
1864 1528 1935 1586 πάν

345 1626 450 1704 ἕτερον
472 1625 574 1687 καλὸν
603 1640 708 1689 ποιεῖν
737 1630 906 1707 μάθωμεν.
936 1628 1147 1704 ἐνδυσώμεθα
1177 1626 1344 1705 σπλάγχνα
1373 1626 1576 1704 οίκτιρμῶν*·
1614 1629 1768 1705 κρίνωμεν
1796 1625 1933 1711 δρφανηῖ

344 1732 397 1790 καί
420 1728 641 1806 δικαιώσωμεν
662 1730 800 1810 χὴραυ*·
833 1730 1020 1808 ἐξελοίμεθα
1044 1734 1162 1810 πένητα
1193 1734 1245 1788 καὶ
1269 1730 1410 1806 πτωχόν·
1443 1727 1668 1807 ἐπακούσωμεν
1692 1736 1802 1812 φωνῆς
1823 1750 1934 1792 στενα-

342 1827 468 1904 ζόντων,
492 1835 545 1891 καί
567 1832 637 1904 τοῦς
658 1829 710 1896 ὑπ’
733 1831 846 1892 ἀδίκου
869 1836 971 1911 χειρός
985 1834 1255 1910 τυραννουμένους
1277 1829 1490 1909 ἀρπάσωμεν·
1513 1829 1699 1910 μεταδῶμεν
1720 1835 1932 1912 χρηστότητος,

343 1926 379 2016 ἡς
401 1929 491 1995 αδτυὶ
514 1933 613 1995 πλέον
634 1933 803 2022 χρῄζομεν·
825 1938 879 1999 τοῦ
900 1934 1078 2008 ἀναγκαίου
1101 1933 1105 2018 ἡ
1128 1938 1183 1994 τὸν
1204 1934 1356 2014 χρήσιμον
1379 1939 1665 2015 προεισενέγκωμεν
1683 1933 1787 1996 ἔλεον·
1853 1934 1933 2000 248²

342 2035 563 2118 διαρρῆξωμεν
588 2042 697 2100 πᾶσαν
720 2038 960 2118 στραγγαλιάν*,
984 2043 1052 2099 πάν
1073 2036 1283 2113 συνάλλαγμα
1305 2038 1429 2114 βίαιον·
1455 2037 1591 2117 ἀφῶμεν
1611 2048 1676 2111 τοῖς
1696 2043 1818 2116 μικρῶν
1839 2034 1936 2118 δφει-

343 2137 447 2211 λέταις
469 2135 512 2211 ῶς
534 2137 696 2220 δφειλέται
718 2144 773 2204 τοῦ
796 2139 974 2213 πλείονος*·
1008 2141 1198 2220 κτησώμεθα
1229 2139 1366 2219 καρδίαν
1395 2143 1508 2218 καινὴν
1537 2145 1590 2199 καὶ
1623 2145 1749 2217 πνεῦμα
1779 2141 1932 2222 καθαρὸν

342 2244 395 2302 καί
417 2243 591 2303 νεόκτιστον
614 2253 676 2316 τοῖς
700 2242 791 2325 ἡμῶν
811 2243 954 2319 ἐγκάτοις
975 2241 1265 2318 έγιιαιτιζόμενον*·
1297 2247 1350 2300 καὶ
1380 2249 1443 2302 τῶν
1473 2243 1509 2302 ἐν
1539 2250 1643 2322 χερσῖν
1672 2241 1932 2317 ἀποστάντες-

342 2348 396 2405 ίνα
426 2344 547 2405 συνέλοι
577 2347 610 2407 τό
644 2349 711 2407 πᾶν
743 2384 777 2395 -
811 2348 867 2426 την
904 2346 1054 2408 ἐναντίαν
1087 2345 1277 2422 βαδίσωμεν,
1317 2343 1492 2408 κάντεῦθεν
1521 2344 1580 2427 ἤδη
1617 2347 1766 2422 λαβόντες
1799 2344 1932 2430 ἀγαθὴν

342 2444 484 2529 ἡγεμόνα
505 2448 560 2529 τῆν
580 2452 787 2532 χρηστοτέραν
809 2449 937 2523 ἐλπίδα,
962 2448 1218 2526 προσδράμωμεν
1241 2452 1310 2526 θεῷ
1333 2453 1386 2507 καί
1409 2452 1647 2525 προοπέσωμεν,
1671 2454 1724 2510 καὶ
1747 2449 1932 2530 κλαύσωμεν

343 2550 489 2614 ἐναντίον
512 2554 621 2630 κυρίου
644 2557 697 2615 τοῦ
722 2557 776 2612 καῖ
798 2551 982 2623 πλάσαντος
1003 2551 1088 2633 ἡμᾶς
1115 2557 1169 2610 καὶ
1199 2550 1443 2620 παιδεύσαντας·
1476 2553 1716 2632 συγκάμψωμεν
1746 2552 1832 2636 αύτῷ
1860 2555 1932 2627 τούς

343 2650 502 2732 ἀκαμπεῖς
523 2655 647 2725 τούτους
670 2654 789 2727 νώτους
809 2656 864 2715 καλ
888 2659 966 2734 πρός
988 2659 1020 2715 τό
1042 2652 1198 2731 βαστάσαι
1222 2657 1351 2733 φορτίον
1374 2659 1586 2730 πνευματικόν
1605 2653 1764 2729 ἀπειθεῖς,
1786 2660 1840 2716 καὶ
1861 2660 1933 2730 τοὺς

342 2753 550 2835 δδαμάστους
578 2754 715 2836 αῦχένας
744 2762 797 2818 καὶ
820 2756 970 2840 σκληρούς
992 2755 1228 2834 ῦπυκλίνωμεν·
1260 2755 1304 2836 μή
1327 2777 1370 2826 τις
1391 2755 1483 2835 τ’βριν
1506 2754 1644 2835 ἡγείσθω
1667 2764 1719 2819 καί
1742 2763 1794 2841 τῆς
1815 2757 1931 2823 ἑαυτοῦ

344 2859 438 2943 δόξης
459 2860 581 2941 ὕφεσιν,
614 2865 684 2942 θεῷ
706 2862 964 2941 ταπεινούμενος,
995 2856 1022 2943 ηί
1044 2865 1111 2922 πᾶν
1132 2881 1211 2936 γονυ
1233 2863 1386 2937 κάμπτει,
1410 2861 1611 2937 ἐπουρανίων
1633 2866 1687 2920 καὶ
1708 2861 1856 2937 ἐπιγείων
1877 2865 1932 2922 καλ

343 2964 596 3041 καταχθονίωνῆ
617 2963 698 3046 μηδὲ
721 2969 773 3029 τοῦ
796 2969 904 3029 κοινοῦ
926 2963 1120 3043 παραβόλως
1141 2966 1420 3041 κατειρωνευέσθω
1442 2961 1600 3036 κινδύνου,
1624 2967 1658 3025 τό
1676 2965 1783 3041 παρόν
1804 2963 1854 3025 ἀτί
1876 2970 1932 3026 καί

342 3071 376 3129 τό
397 3069 473 3138 τέως
496 3064 593 3148 ζητῶν
614 3067 805 3150 καπηλεύειν
827 3073 881 3129 καί
903 3067 1172 3147 παρακερδαίνειν
1194 3067 1262 3126 ίδία
1297 3071 1349 3126 καλ
1379 3069 1441 3127 τῶν
1472 3066 1550 3125 καθ’
1579 3065 1698 3147 ἡδονὴν
1725 3064 1820 3130 οὐδὲν
1843 3062 1932 3149 ἡττον

346 3169 351 3254 Ι
375 3167 555 3248 ἀμερίμνως
577 3168 736 3250 ἐχόμενος.
759 3171 812 3233 ἐπὶ
834 3170 916 3234 πολὺ
935 3175 997 3249 γάρ
1016 3171 1061 3241 τίς
1076 3170 1169 3249 δεῦρο
1192 3179 1260 3240 ταῖς
1276 3165 1492 3249 ἡδυπαθείαις
1508 3170 1784 3251 κατεχρησάμεθα,
1851 3171 1930 3236 249¹

344 3271 382 3334 τὰ
406 3271 442 3333 δέ
464 3279 521 3335 νῦν
544 3270 750 3346 λκανούσθω,
781 3279 835 3334 καὶ
856 3277 975 3355 τρυφῆς
998 3271 1056 3337 οὐκ
1078 3272 1121 3334 ἔτι
1143 3275 1269 3352 καιρός·
1302 3271 1356 3333 ἐπὶ
1378 3276 1473 3350 ξυροῦ
1495 3273 1557 3352 γάρ
1580 3270 1597 3332 ό
1621 3271 1776 3346 κίνδυνος,
1800 3277 1853 3333 καί
1874 3275 1930 3335 τόν

345 3379 417 3458 περὶ
441 3381 544 3458 ψυχῆς
566 3374 626 3459 ῆδη
649 3375 771 3455 δρόμον
793 3377 967 3455 ἅνθρωποι
989 3379 1146 3458 τρέχομεν.

433 3477 523 3541 81Διά
547 3481 635 3541 τοῦτο
657 3478 773 3553 πάντες
802 3486 855 3540 καὶ
884 3479 1004 3554 πᾶσαι,
1037 3479 1152 3558 ἀνδρες
1182 3483 1235 3538 καί
1261 3489 1406 3553 γυναῖκες
1436 3475 1533 3553 ὁμοῦ,
1568 3481 1738 3557 πρεσβῦται
1766 3483 1819 3539 καὶ
1851 3481 1928 3554 νέοι,

344 3578 465 3666 ῦψηλοί
487 3587 540 3644 καὶ
561 3585 713 3657 ταπεινοί,
737 3583 882 3647 πλούσιοι
904 3590 957 3645 καῖ
981 3590 1109 3665 πένητες
1129 3589 1196 3663 (καὶ
1217 3590 1278 3662 γάρ
1295 3579 1430 3653 κοινόςὸ
1448 3582 1562 3664 ἀγοίν),
1586 3587 1694 3664 κοινὴν
1707 3584 1928 3662 ἐνδειξώμεθα

345 3690 399 3748 καλ
421 3691 476 3768 τὴν
498 3683 577 3766 ὑπὲρ
599 3688 709 3748 τούτου
732 3686 885 3769 σπουδὴν.
906 3686 1063 3759 ἐξελθέτω
1087 3690 1224 3768 νυμφίος
1246 3687 1279 3747 έκ
1300 3690 1353 3749 τοῦ
1376 3687 1523 3755 κοιτῶνος
1546 3684 1653 3760 ούτοῦ,
1687 3692 1740 3746 καῖ
1762 3688 1872 3769 νύμφη
1892 3687 1928 3750 ἐκ

345 3796 399 3854 τοῦ
422 3792 544 3852 παστοῦ
567 3786 696 3871 αύτῆς*,
730 3793 783 3850 καὶ
805 3793 838 3852 τὸ
860 3792 984 3864 παίζειν
1005 3788 1140 3871 ἀφέντες
1169 3788 1220 3875 (ού
1241 3798 1304 3869 γαρ
1327 3788 1444 3850 παικτά
1464 3792 1501 3849 τά
1528 3792 1686 3872 παρόντα)
1716 3796 1768 3870 τῆς
1790 3790 1931 3873 ἀνάγκης

344 3895 563 3972 γενέσθωσαν.
596 3889 813 3972 ἀναλάβωμεν
842 3899 966 3975 θρῆνον
995 3892 1065 3955 ἀντὶ
1086 3892 1269 3973 τυμπάνων,
1301 3892 1367 3954 ἀντ’
1395 3890 1503 3954 αὐλῶν
1532 3892 1674 3956 κοπετόν.
1704 3897 1784 3970 μίαν
1813 3895 1930 3967 πάντες

345 3994 483 4079 ἀφῶμεν
506 3998 618 4079 φωνὴν
640 3995 778 4077 έλεεινὴν
801 4000 880 4076 πρὸς
903 3996 992 4076 θεόν,
1015 4000 1094 4075 μίαν
1110 3995 1358 4077 ἀναπέμψωμεν
1374 3995 1489 4078 δέησιν,
1512 3999 1554 4076 μὴ
1570 3999 1611 4080 τῷ
1628 4000 1724 4080 θυμῷ
1739 3997 1929 4079 ἐλεγχθῆναι

344 4098 424 4183 μηδὲ
446 4104 483 4188 τῆ
503 4096 580 4185 ύργῆ
604 4100 823 4183 παιδευθῆναι
845 4100 1105 4180 παρακαλοῦντες
1124 4101 1205 4182 μηδὲ
1227 4100 1264 4160 τά
1290 4101 1445 4178 Σοδόμων
1467 4104 1590 4160 παθεῖν
1611 4099 1691 4182 μηδὲ
1712 4104 1865 4175 γενέσθαι
1887 4100 1931 4174 ῶς

345 4204 507 4286 Γόμορρα,
529 4199 576 4266 ῶν
596 4207 678 4282 μέγα
700 4207 760 4283 μὲν
781 4208 815 4266 τό
837 4203 987 4286 ἀνόμημα
1011 4202 1170 4286 (σαατάλη
1196 4207 1257 4282 γάρ
1281 4200 1320 4284 ἡν
1340 4205 1375 4266 ἐν
1398 4203 1564 4291 πλησμονῆ
1580 4241 1613 4252 -
1634 4206 1792 4291 φησίν*-
1814 4206 1931 4285 ἀρτων,

344 4309 399 4370 ίνα
410 4302 466 4388 τὴν
479 4304 658 4387 ύπερβολὴν
671 4305 756 4388 ἡμεῖς
769 4308 955 4389 φρίξωμεν),
970 4309 1051 4385 μέγα
1065 4305 1100 4367 δὲ
1112 4310 1166 4366 καὶ
1177 4308 1210 4367 τὸ
1223 4307 1405 4386 πρόστιμον,
1422 4309 1520 4384 πυρός
1536 4306 1686 4385 στ”ρανίου
1702 4308 1932 4385 κατακλυσμός.

344 4406 602 4494 ἀποβλέψωμενΙ
618 4410 662 4480 είς
683 4406 791 4484 γενεάς
807 4407 971 4489 ἀρχαίας*,
996 4408 1170 4491 ζητὴσωμεν
1191 4414 1269 4471 τίσιν
1292 4410 1448 4477 ἐπινοίαις
1473 4409 1490 4487 ἡ
1512 4407 1640 4486 τρόποις
1655 4411 1786 4491 ἐστησαν
1851 4412 1931 4478 ‘249²

343 4511 517 4595 ἄνθρωποι
539 4515 620 4574 θεοῦ
641 4510 864 4595 ἀγανάκτησιν.
886 4510 1091 4592 λογισώμεθα
1114 4513 1170 4574 τόν
1190 4516 1293 4590 μέγαν
1310 4510 1424 4591 Δαβίδ,
1445 4513 1500 4570 τόν
1529 4515 1692 4594 Μανασσῆ
1713 4516 1778 4593 μετ’
1798 4515 1930 4588 ἐκεῖνον,

414 4721 445 4771 30
464 4704 587 4760 Proverb
605 4723 629 4773 9,
640 4726 669 4760 12
688 4706 846 4838 Ἤιδει,
833 4707 1046 4776 anmerkungen
1066 4726 1096 4774 ³²
1111 4706 1116 4777 Ι
1133 4725 1163 4775 30
1181 4709 1225 4760 ῖκν
1210 4706 1394 4776 νῆφωμενῦἣ
1415 4706 1545 4775 νήφωμεν
1530 4705 1592 4760 ‚0¹
1613 4707 1829 4777 δίαδιιαακόίς
1830 4729 1847 4763 o
1864 4728 1901 4780 ap
1903 4727 1932 4765 o·

344 4862 375 4910 ,ο
341 4774 764 4917 ψίλῗὴξῖῗῗλῗλλῖοβ
766 4795 846 4914 25⁸1}
857 4779 907 4917 βλ
924 4778 1461 4919 ’ἕιέἕῖἶὶῗβίβὲὲἓῖἓέῶλὲλῗ
1480 4777 1623 4901 {mh
1585 4782 1613 4829 ¹⁸
1616 4796 1667 4846 ³⁰
1682 4786 1687 4843 ¹
1703 4798 1733 4847 ³⁹
1752 4729 1929 4850 ‘'⁸²¹m'¹²¹
