4560 6172
510 512 550 576 14

594 678 648 766 Ιῦς
670 682 724 739 καὶ
745 679 799 740 τὸν
820 675 909 756 ύμιόν
931 676 1019 738 οίκον
1040 675 1076 737 ἐκ
1097 679 1151 740 τοῦ
1173 674 1308 758 πλησίον
1529 670 1584 737 11⁹

529 786 572 850 20
593 782 761 845 κάλλιστον
782 782 965 862 ἐντρύφημα
989 779 1201 861 προσβλέπειν
1223 779 1312 857 ἔχων,

590 885 673 967 ύμᾶς
695 885 736 948 δι’
759 884 853 950 αὐτοῦ
876 921 917 932 -
937 883 1007 956 τούς
1028 882 1107 964 ὑπὲρ
1132 886 1251 965 θνητήν
1273 886 1359 944 θέον
1379 921 1420 931 -

592 990 681 1054 δοκεῖ
701 997 837 1072 θεωρεῖν
858 988 1119 1070 οἷσιραπηβόλους
1146 985 1250 1062 ὅλους,

592 1094 773 1166 δεικνύντας
793 1095 839 1166 εἷς
859 1094 1023 1173 γνώρισμα
1045 1096 1098 1172 τής
1120 1101 1296 1172 παρουσίας

592 1203 696 1280 φωτός
716 1200 754 1260 τό
777 1199 880 1278 κύκλῳ
903 1198 1008 1259 πάντα
1031 1194 1274 1277 πεπληρωμένα,

528 1306 569 1371 25
591 1305 610 1365 ὅ
632 1307 686 1365 καὶ
709 1307 788 1384 πρὸς
810 1302 892 1384 ήμᾶς
913 1303 984 1372 τούς
1007 1298 1159 1374 α’ναξίους
1182 1301 1329 1380 φθάσαν,

592 1408 635 1480 εἰς
657 1410 764 1471 τοῦτον
785 1404 927 1488 ὠόήγησε
948 1403 1003 1466 τόν
1025 1405 1144 1484 βραχύν
1166 1402 1269 1478 λόγον.

592 1508 665 1573 ἄλλ’
689 1511 757 1573 ἀντὶ
780 1512 833 1574 τοῦ
855 1508 980 1591 ῥέοντος
1002 1509 1047 1580 είς
1069 1508 1168 1588 σύρας
1190 1506 1286 1583 λόγου

592 1619 634 1699 τῷ
658 1615 745 1686 ζῶντι
768 1618 821 1674 καὶ
842 1616 968 1693 μένοντι
993 1611 1169 1692 συστήσοιτό
1189 1635 1237 1691 με,

594 1723 647 1779 καὶ
669 1724 724 1799 τήν
747 1719 824 1778 καθ’
846 1715 928 1794 ὑμᾶς
951 1716 1050 1790 δόξαν
1072 1712 1141 1776 α’ντὶ
1163 1720 1217 1796 τής
1238 1715 1321 1776 κότω

530 1825 573 1888 30
595 1827 751 1887 ποθοῦντι
773 1822 899 1902 μᾶλλον
920 1823 975 1901 τήν
997 1821 1065 1882 ἄνω
1089 1820 1217 1894 όείξοιτέ
1239 1843 1304 1900 μοι.

507 2032 575 2099 29.
598 2030 653 2103 Είς
674 2031 743 2103 τοὺς
766 2028 879 2101 λόγους
905 2030 958 2092 τού
988 2027 1151 2103 Θεολόγου
1173 2032 1242 2099 τοὺς
1261 2031 1303 2109 μή
1325 2024 1649 2104 α’ναγινωσκομόνους.

551 2137 567 2199 1
596 2138 652 2207 Τίς
675 2133 691 2195 ὁ
716 2135 916 2214 θρασυνθεὶς
937 2137 1060 2214 πρῶτος
1080 2133 1181 2193 είπείν
1202 2132 1271 2204 τούς
1293 2126 1406 2207 λόγους

591 2238 700 2323 ήκιστα
722 2237 847 2311 τούτους
869 2235 1201 2317 ἅναγινωσκομένουςς

591 2347 635 2416 τίς
656 2341 878 2420 κοσμολαμπὲς
900 2345 969 2422 φύς
991 2341 1139 2404 καλύπτει
1160 2345 1277 2419 γωνίας

591 2449 635 2519 τίς
657 2444 790 2526 α’στίροις
812 2445 997 2525 λάμποντας
1018 2444 1178 2525 ἐγκρύπτει
1201 2448 1289 2525 νέφει
1295 2472 1307 2521 ,·

549 2552 570 2618 5
591 2555 635 2624 τίς
656 2543 842 2631 μαργόροος
863 2549 1043 2627 στίλβοντας
1068 2549 1114 2621 είς
1136 2552 1194 2630 γῆν
1215 2538 1363 2626 χωννύεις

592 2656 653 2737 φεύ
674 2653 810 2735 κλήσεως
830 2656 890 2731 μὲν
910 2651 1075 2732 βασκόνου
1100 2650 1328 2732 ψευδωνύμου,

590 2758 619 2820 εί
641 2756 668 2820 δ’
691 2757 783 2840 ἔργον
804 2757 876 2836 εἶχε,
900 2756 1010 2840 ζημίας
1031 2758 1238 2836 παγκοσμίου.

592 2867 650 2928 νῦν
672 2862 701 2925 δ’
724 2859 761 2926 ού
780 2865 842 2941 γὰρ
864 2861 946 2924 ἔστιν
967 2862 1070 2942 ἔργον,
1093 2859 1163 2923 ἀλλ’
1187 2860 1292 2933 ἄλλως
1315 2859 1417 2941 λόγος.

592 2969 627 3029 τὸ
650 2969 720 3046 φῶς
740 2964 876 3046 όρσὶσθω
899 2976 1020 3048 φαῖνον
1041 2966 1077 3027 ἐν
1097 2969 1134 3053 τῇ
1156 2965 1280 3044 λυχνίᾳ·

529 3073 571 3136 10
592 3075 671 3133 πᾶσι
693 3073 885 3151 προκείσθω,
908 3073 987 3131 πᾶσι
1010 3074 1098 3156 κοινῇ
1122 3067 1271 3147 λαμπέτω

593 3173 679 3260 Ιόσοι
701 3175 832 3252 βλέπειν
852 3175 956 3253 ἔχουσι
977 3176 1039 3235 τῶν
1062 3173 1171 3235 ἄλλων
1193 3174 1307 3235 πλέον·

592 3276 635 3351 ὡς
655 3281 726 3340 εἴθε
749 3279 864 3351 πάντες
885 3278 971 3355 είχον
991 3277 1112 3339 εἰδέναι
1133 3276 1218 3352 τόδε,

592 3385 662 3443 είθε
685 3392 851 3462 προσεῖχον
874 3381 976 3443 τοίσόε
999 3383 1112 3454 πάντες
1134 3392 1198 3454 τοῖς
1222 3382 1343 3457 λόγοις·

592 3485 670 3551 οὕτω
691 3490 753 3566 γάρ
776 3488 818 3546 οἲν
839 3485 1005 3566 πρόχειρος
1027 3485 1043 3568 ή
1067 3489 1202 3569 σωτηρία

530 3591 570 3656 15
593 3593 700 3672 παρήν
722 3590 843 3652 ἅπασιν
864 3590 898 3652 ἐκ
918 3593 995 3669 μιᾶς
1015 3589 1123 3671 ταύτης
1142 3590 1268 3668 βίβλου·

592 3694 635 3756 ἐῶ
656 3694 721 3776 γᾶρ
739 3695 840 3755 εἰπεῖν
862 3691 905 3766 ὥς
928 3697 1045 3775 σοφούς
1068 3705 1162 3769 ποιεί,
1184 3695 1265 3775 μόνη

594 3798 734 3879 α’ρκοῦσα
757 3802 836 3877 προς
859 3795 1025 3859 παίδευσιν
1047 3794 1238 3878 α’νθροίποις
1260 3796 1346 3880 ὅλην.

593 3901 712 3984 πλήρης
732 3907 792 3979 μέν
812 3901 874 3964 ἔστι
897 3899 1063 3981 δογμάτων
1083 3899 1292 3982 οἷποκρύφων,

594 4004 714 4089 πλήρης
737 4005 772 4068 δὲ
795 4009 895 4067 θείων
917 4010 970 4067 καὶ
992 4008 1104 4087 σοφοῖν
1124 4009 1314 4087 μυστηρίων,

530 4111 573 4175 20
595 4107 715 4194 πλήρης
736 4109 772 4172 δὲ
793 4114 932 4192 χρηστῶν
953 4108 1080 4190 ήθικῶν
1102 4109 1317 4190 διδαγμότων,

594 4213 716 4296 πλήρης
738 4211 773 4275 δὲ
795 4217 934 4293 κομψόν
956 4218 1103 4291 τεχνικῶν
1123 4214 1346 4296 μαθημάτων·
1376 4289 1383 4303 ⁶

593 4328 742 4396 μουσεῖον
764 4316 955 4399 αὐτόχρημα,
977 4321 1093 4394 γνῶσιν
1114 4318 1262 4398 ἐμπνεον.

593 4420 704 4504 ταύτης
726 4421 890 4501 ἄμεμπτον
911 4423 966 4502 τήν
986 4428 1115 4504 γραφήν
1136 4423 1331 4501 καταρτίσας,

595 4524 726 4596 πολλοῖς
747 4531 868 4607 τρυφήν
890 4523 1060 4607 προύθηκα
1082 4526 1123 4607 μή
1148 4528 1347 4606 κενουμένην.

508 4735 579 4801 80.
603 4731 805 4812 Πρόγραμμα
827 4732 872 4804 είς
892 4736 961 4805 τούς
982 4733 1107 4811 νόμους.

555 4834 626 4902 ΙὯ
648 4838 755 4918 κόσμε,
778 4838 883 4919 κόσμε,
906 4843 969 4901 τῶν
991 4843 1098 4903 κακῶν
1119 4845 1153 4903 τό
1176 4843 1299 4920 χωρίον,

1891 1203 1921 1246 24
1939 1183 2097 1252 Regnorum

1890 1257 1909 1306 ό
1922 1261 1945 1316 6,
1963 1274 1990 1321 17

1891 1606 1920 1652 28
1933 1600 2008 1653 Hebr
2017 1621 2041 1664 4,
2053 1620 2096 1653 ιιι

1890 1673 1956 1726 Petr
1975 1693 1992 1723 α
2011 1672 2097 1740 1‚25‘?

1891 3004 1906 3054 9
1938 2983 2098 3037 Matthaeus

1892 3055 2100 3183 ἑὸέιὶίλέίὲἷλ

1859 3216 1861 3219 ·
1892 3200 1957 3255 vide
1992 3199 2100 3268 praefa-

1891 3272 1996 3326 tionum
2020 3287 2099 3324 ame

1892 3343 2099 3397 Titobostreno

1901 3416 2090 3482 praemissam,

1893 3485 1943 3538 ubi
1968 3502 2040 3552 quas
2065 3483 2100 3538 de

1911 3575 1944 3624 ρρ
1958 3555 2086 3624 apicibus

1892 3645 1948 3682 non
1962 3627 2101 3695 distingu-

1893 3699 1972 3753 endis
1985 3697 2100 3767 exposui

1911 3771 2074 3824 Franciscus

1929 3841 2068 3896 Delitzsch
2129 3845 2131 3850 ’

1902 3911 2091 3967 handschriit-

1894 3986 1968 4039 liohe
1982 3982 2101 4037 fundali

1930 4056 1970 4110 vii
1989 4057 2064 4110 lectu

1894 4127 2044 4198 dignanon
2057 4127 2102 4178 iu-

1914 4199 2028 4253 dicavit.
2060 4195 2083 4249 si

1895 4271 2102 4338 quandonomn

1924 4341 2069 4395 invenitur

1895 4413 2048 4482 scriptum,
2072 4408 2102 4463 id

1895 4485 2102 4553 plurisnonvs-

1895 4557 2103 4636 leistqueuup·

1894 4645 1996 4680 mmm
2027 4642 2102 4679 Slml·

1896 4699 1936 4752 lis
1960 4715 2015 4752 non
2039 4712 2102 4751 ram

1896 4769 1980 4824 obvia
