4560 6172
1752 568 1792 630 61

219 745 272 801 καὶ
293 740 572 818 τεσσαρεσκαίδεκα
594 739 704 813 πάλιν,
739 738 792 802 διὰ
816 740 873 822 τῆν
893 739 1041 822 τοιαύτην
1062 740 1152 820 οἶμαι
1172 740 1356 820 δυσχέρειαν
1378 742 1571 821 παρεῶσθαι
1591 742 1650 820 μὲν
1671 741 1797 811 τούτους

216 847 285 917 τούς
306 844 466 914 ποικίλους
487 843 736 922 μεταπλασμούς,
758 844 791 904 τδ
814 844 892 905 ίῶτα
914 843 950 906 δέ
969 845 1070 925 μόνον
1091 845 1145 927 τῆν
1171 846 1233 906 τῶν
1259 845 1387 907 πάντων
1410 848 1517 924 χρείαν
1542 843 1794 925 πεπληρωκέναι,

218 948 284 1029 ῆτοι
300 952 457 1030 σημασίαν
470 947 724 1033 έπιρρημαῆτικῆν
739 946 953 1029 ύπεμφαῖνον,
976 945 1018 1021 ῶς
1033 948 1068 1009 ἐκ
1089 953 1143 1013 τοῦ
1163 947 1435 1028 τετρακισκαίδεκα
1455 947 1535 1025 τάχα
1558 969 1654 1026 μετα·
1740 947 1797 1011 59¹

219 1050 442 1130 πεπλασμένον
463 1049 508 1122 είς
528 1056 561 1112 τδ
586 1051 874 1130 τεσσαρισκαίδεκα,
905 1055 982 1113 καθ’
1005 1051 1086 1132 άπερ
1115 1051 1174 1136 ήδη
1204 1055 1283 1125 τινὲς
1313 1057 1365 1112 καὶ
1388 1054 1420 1113 τό
1443 1050 1641 1130 τρισκαίδεκα
1665 1052 1794 1124 οἴονται,

220 1157 240 1235 ῆ
262 1153 304 1226 ῶς
326 1161 388 1216 τῶν
411 1154 520 1217 ἄλλων
541 1154 709 1233 συλλαβῶν
729 1161 783 1216 καὶ
797 1158 955 1235 στοιχείων
969 1153 1195 1233 ἁπλούστερον,
1219 1159 1272 1216 καὶ
1286 1154 1342 1217 διά
1358 1157 1488 1215 πάντων
1505 1155 1588 1216 ίέναι
1604 1155 1796 1237 φερωνύμως

219 1255 273 1319 διδ
297 1257 474 1340 λεπτότητα,
497 1263 549 1318 καὶ
572 1263 670 1320 πᾶσιν
692 1259 864 1340 ἐμπρέπειν
886 1255 1017 1340 ὁμαλῶς
1038 1265 1092 1320 καί
1114 1262 1297 1341 συμβαίνειν
1325 1256 1370 1331 οίς
1398 1261 1600 1340 προστίθεται
1635 1259 1793 1340 πεφυκός·

221 1360 451 1440 28οἲλογιότερος
472 1361 508 1422 δὲ
530 1367 582 1442 τῆς
604 1366 776 1445 συνηθείας
798 1362 815 1424 ὁ
840 1365 1004 1445 καινισμδς
1025 1367 1096 1445 περὶ
1117 1364 1151 1425 τδ
1174 1360 1464 1426 ἑκατονταπλάσιον
1486 1365 1651 1443 φαίνεται·
1685 1364 1713 1422 τί
1733 1362 1794 1443 γὰρ

220 1468 306 1529 τοῦτο
329 1469 362 1526 τδ
386 1487 484 1543 nou,-
505 1471 573 1538 πῶς
594 1467 739 1528 ἐνταῦθα
762 1469 816 1547 τῆν
838 1465 939 1549 α’ρχῆν
961 1466 1131 1548 παρεισέδυ
1138 1494 1149 1544 ,·
1182 1464 1238 1529 ούκ
1265 1465 1397 1546 οἴδαμεν
1419 1469 1526 1529 πόθεν
1548 1464 1662 1528 ἐστίν*.
1707 1466 1796 1543 ίσμεν

220 1570 281 1651 γάρ
303 1569 514 1649 ἑκατόγχειρα,
536 1576 589 1631 καί
611 1570 720 1644 πόλεις
740 1569 992 1651 ἑκατομπύλους,
1023 1575 1075 1631 καί
1098 1574 1215 1643 θυσίας
1237 1569 1475 1651 ἑκατομβοίους,
1504 1573 1556 1629 καὶ
1577 1573 1795 1651 μαρτυροῦμεν

222 1672 326 1747 αὐτοῖς
347 1670 381 1735 τό
406 1676 495 1753 παρὰ
516 1680 569 1756 τῆς
591 1672 815 1756 δρθογραφίας
836 1673 1013 1750 ἀνάλογον·
1047 1672 1318 1755 ἑκατοντάριθμος
1347 1675 1383 1736 δὲ
1405 1679 1458 1735 καὶ
1484 1676 1606 1752 Τυφῶν
1628 1671 1796 1735 ἑκατοντα-

220 1778 361 1862 κέφαλος
381 1782 473 1858 τέρας
495 1778 576 1839 εἶναι
599 1777 701 1851 δοκεῖ,
734 1781 788 1839 τοῦ
809 1781 920 1840 καινοῦ
948 1777 1056 1842 τούτου
1078 1783 1162 1840 ἰται
1186 1779 1264 1839 καθ’
1293 1778 1374 1857 άπερ
1404 1775 1511 1857 ἑτέρας
1533 1777 1674 1859 κεφαλῆς
1703 1779 1793 1858 παρά

222 1882 316 1963 φύσιν
344 1891 411 1953 ταῖς
439 1878 550 1943 ἑκατδν
577 1882 711 1957 ἐκείναις
738 1885 996 1963 συνεκφανέντος.
1040 1882 1127 1943 29καί
1153 1886 1212 1964 μὲν
1246 1882 1284 1963 δή
1318 1889 1371 1943 καὶ
1400 1881 1485 1943 ἄλλα
1515 1881 1644 1943 πλεῖστα
1666 1884 1794 1946 τοιαῦτα

221 1984 309 2066 παρά
331 1987 459 2067 γνιύμην
479 1991 532 2067 τῆς
551 1984 713 2065 άκριβείας
726 1986 983 2068 κεκαινοτόμηκεν
999 1985 1018 2069 ή
1039 1989 1206 2068 συνήθεια,
1230 1986 1281 2068 ἐφ’
1297 1983 1342 2058 οἷς
1357 1986 1566 2072 τυραννικῶςῆ
1582 1986 1652 2048 ἐπε-
1738 1986 1795 2051 59²

221 2089 388 2173 κράτησεν,
421 2090 542 2173 ἐκείνην
573 2094 795 2171 παρωσαμένη.
851 2089 957 2152 8οάλλ’
980 2090 1055 2171 ήμῖν
1077 2091 1151 2170 ἄχρι
1173 2093 1304 2154 τούτων·
1327 2087 1379 2151 οἷα
1400 2091 1461 2169 γάρ
1485 2096 1538 2150 καὶ
1559 2102 1675 2164 ποιεῖς,
1713 2089 1793 2171 δμή

221 2193 321 2273 νόμον
351 2194 432 2272 ἔχων
462 2190 505 2266 ῶς
538 2192 678 2270 δίκαιος,
712 2204 912 2273 παρανομεῖν
940 2193 1022 2274 κάμέ
1052 2195 1176 2266 πείθεις
1207 2191 1351 2276 α’φειδῶς
1377 2194 1412 2255 έν
1443 2202 1506 2266 τοῖς
1535 2194 1699 2273 γράμμασι
1727 2196 1796 2266 τούς

222 2298 315 2378 ὄρους
330 2301 398 2359 ,τῶν
418 2295 523 2361 τύπων
544 2300 606 2359 τῶν
627 2297 832 2359 ἐπιστολικῶν
853 2297 1095 2378 ὑπερβαίνοντα,
1125 2303 1178 2359 καί
1200 2297 1434 2378 λυμαινόμενον
1455 2296 1546 2380 πήχει
1560 2297 1725 2381 τηλικούτῳ
1741 2298 1796 2379 τήν

221 2404 418 2483 συμμετρίαν.
466 2399 592 2472 31αύτδς
612 2403 672 2480 μὲν
693 2399 749 2464 ούν
771 2402 852 2480 ἔχοις
870 2393 1038 2484 α’πλήστως
1056 2407 1126 2481 περὶ
1145 2402 1179 2464 τύ
1195 2400 1292 2485 ζητεῖν
1304 2404 1341 2463 τά
1356 2404 1483 2464 τοιαῦτα
1502 2407 1555 2462 καί
1572 2402 1796 2482 συνδιαπορεῖν

220 2517 285 2579 τοῖς
306 2503 492 2584 σχολάζουσι
515 2505 626 2589 (καλδς
647 2507 707 2584 γδρ
731 2502 748 2568 ό
772 2509 887 2581 πόνος,
921 2511 975 2567 καὶ
998 2506 1193 2589 πολυκερδῆς
1214 2509 1256 2589 τηῦ
1279 2506 1456 2588 πονοῦντι)·
1479 2510 1612 2569 τοσαῦτα
1635 2504 1672 2567 δέ
1693 2507 1796 2584 μόνον

221 2611 298 2693 παρ’
321 2607 410 2691 ήμῶν
433 2609 542 2688 λοβῶν
563 2612 648 2684 τέως,
672 2608 749 2690 ζήτει
771 2614 826 2671 καὶ
846 2610 962 2692 καιρδν
984 2609 1083 2672 πάλιν
1105 2610 1207 2673 ἄλλον
1237 2610 1292 2673 ἐπὶ
1317 2620 1382 2683 τοῖς
1408 2609 1520 2680 ἄλλοις
1549 2607 1712 2690 ζητήμασι·
1743 2614 1797 2670 καὶ

220 2719 275 2796 μοὶ
296 2714 352 2796 τήν
373 2715 470 2786 ὄντως
490 2713 526 2775 έν
549 2715 645 2796 κυρίῳ
666 2722 756 2792 χαῖρε
777 2711 892 2794 χαράν,
915 2709 1010 2777 αῦτοῦ
1031 2736 1062 2774 τε
1082 2712 1192 2777 τούτου
1214 2712 1311 2795 κάμοί
1333 2712 1391 2776 διοί
1414 2736 1444 2775 τε
1465 2715 1528 2775 τῶν
1543 2710 1677 2794 ἡδίστων
1692 2734 1795 2793 γραμ-

220 2820 330 2900 μα’των
351 2833 408 2879 σου
430 2815 488 2879 διοί
510 2839 541 2878 τε
563 2819 626 2878 τῶν
646 2813 745 2894 εὐχῶν
765 2813 947 2894 μεταδίδου.

307 2924 395 2988 117.
417 2943 459 3002 ιη.
483 2920 546 2982 ιΤί
566 2940 622 2998 μοι
643 2916 763 2991 κόπους
785 2921 941 2999 παρέχεις,
964 2918 1131 3000 ῆγιασμένε
1153 2924 1263 3000 πάτερ,
1287 2919 1342 2985 ούκ
1365 2917 1569 2996 ἀναγκαίους,
1591 2920 1700 2981 ἐκεῖνα
1719 2923 1795 3000 παρ’

219 3024 296 3106 ἐμοῦ
323 3028 446 3104 μαθεῖν
475 3020 637 3099 άπαιτῶν,
672 3021 754 3105 άπερ
783 3023 915 3102 ἄμεινον
943 3022 1020 3084 οἶδά
1049 3042 1083 3085 σε
1112 3028 1175 3086 τῶν
1204 3024 1312 3086 ἄλλων
1341 3024 1467 3099 είδότα,
1499 3029 1553 3086 καὶ
1581 3030 1652 3104 περὶ
1682 3026 1796 3088 τούτων

220 3129 392 3210 προσάγων
403 3138 540 3207 συνεχεῖς
553 3149 609 3206 μοι
630 3128 685 3199 τὰς
706 3126 840 3202 πεύσεις,
862 3126 884 3187 οἳ
905 3128 1034 3188 πάντων
1045 3127 1170 3208 μᾶλλον
1193 3126 1284 3201 αύτδς
1299 3128 1520 3211 έξεμελέτησας
1533 3132 1587 3189 καί
1603 3124 1797 3210 ήκρίβωσαςς

220 3236 274 3293 καὶ
293 3234 338 3304 τίς
359 3231 420 3311 γὰρ
442 3233 520 3295 ούτω
543 3231 643 3312 σοφδς
663 3228 701 3293 τά
725 3253 756 3292 τε
778 3232 856 3292 θεῖα
886 3234 939 3292 καί
967 3231 1005 3293 τά
1035 3229 1233 3311 α’νθριόπινα
1265 3230 1308 3305 ῶς
1337 3230 1354 3294 δ
1384 3234 1437 3295 τοῦ
1465 3234 1545 3297 θεοῦ
1574 3238 1627 3293 καὶ
1649 3232 1725 3311 ἐμδς
1746 3229 1798 3315 (ού

223 3335 299 3423 Ιγδρ
318 3332 441 3418 δκνήοω
457 3339 544 3399 τοῦτο
560 3334 813 3420 μεγαλαυχῆσαι)
835 3336 865 3396 Γ
861 3336 1018 3417 ρηγόριος·
1041 3327 1069 3420 ηί
1089 3334 1125 3397 τδ
1149 3334 1203 3417 ζῆν
1225 3333 1318 3400 οὐδὲν
1337 3333 1419 3398 ἄλλο
1434 3335 1516 3418 πλήν
1528 3339 1654 3418 γραφαί
1739 3337 1796 3400 60¹

219 3462 251 3503 τε
266 3444 320 3501 καὶ
334 3439 439 3519 βίβλοι
452 3444 505 3501 καὶ
520 3438 554 3501 τδ
570 3443 775 3522 κατατρυφᾶν
788 3436 840 3500 αἐῐ
857 3439 910 3521 τῆς
930 3442 993 3501 τῶν
1015 3438 1118 3514 λόγων
1140 3437 1255 3522 ῆδονῆς
1276 3445 1329 3502 καὶ
1348 3438 1543 3521 γλυκύτητος,Ι
1564 3444 1627 3503 τῶν
1641 3463 1672 3502 τε
1687 3438 1797 3501 ἄλλων

221 3542 267 3617 οἷς
287 3543 500 3626 συνετράφης,
532 3547 584 3605 καί
614 3541 749 3622 μάλιστα
776 3542 814 3624 δῆ
842 3546 904 3604 τῶν
934 3541 1155 3606 θεοπνεύστων
1182 3546 1298 3607 τούτων
1320 3548 1373 3604 καὶ
1394 3538 1498 3624 ἱερῶν,
1522 3549 1593 3625 περὶ
1615 3544 1668 3616 οῦς
1690 3562 1740 3605 σοι
1762 3544 1795 3603 τδ

220 3647 321 3711 πλέον
342 3645 569 3727 δπαοχολεῖται
590 3649 643 3711 τοῦ
664 3650 752 3725 βίου·
785 3646 861 3708 ῶστε
883 3649 954 3727 περὶ
976 3644 1094 3710 τούτων
1123 3644 1140 3708 δ
1171 3646 1274 3722 λέγειν
1304 3646 1474 3729 ἐπιχειρῶν
1495 3671 1523 3710 τι
1545 3649 1626 3729 πρδς
1647 3651 1680 3708 σὲ
1705 3646 1797 3708 πλεῖν

221 3749 364 3814 διδάσκει
391 3751 446 3813 τδν
471 3749 608 3814 Ἀττικδν
647 3752 666 3833 ἢ
694 3756 749 3813 τὸν
779 3749 873 3813 αἐτδν
900 3754 1070 3813 ίπτασθαι.
1126 3750 1230 3829 2ὅμως
1260 3750 1403 3836 (ἐντολήν
1435 3753 1496 3833 γάρ
1528 3751 1698 3831 ἐμάθομεν
1729 3750 1796 3813 δεῖν

220 3855 360 3939 πληροῦν
382 3853 551 3941 πατρικήν)
574 3853 839 3936 δποκρινούμεθά
863 3872 912 3917 σοι
933 3859 988 3916 καί
1012 3859 1068 3919 νῦν
1090 3853 1145 3916 οῦκ
1160 3852 1359 3935 α’προθύμως
1374 3856 1407 3918 τό
1423 3854 1668 3935 παριστάμενον.
1714 3852 1797 3934 8τρία

220 3958 310 4042 δ’ῆν
332 3961 369 4021 τοί
401 3959 628 4041 προβλήματα·
663 3954 709 4021 ῶν
736 3966 770 4022 τδ
800 3965 925 4039 πρῶτον
954 3965 1007 4020 καί
1035 3956 1161 4039 μᾶλλον
1189 3958 1372 4031 ἐπιστασίας
1401 3958 1555 4040 δεόμενον
1585 3955 1603 4042 ῆ
1633 3960 1723 4038 παρά
1754 3961 1798 4040 τῶ

220 4067 301 4150 θείῳ
323 4067 437 4143 Λουκᾷ
463 4066 515 4146 τῆς
543 4061 701 4146 ἅληθείας
732 4062 842 4145 φωνή,
874 4063 938 4146 η’τις
961 4064 1124 4125 »ἐσονταιι
1149 4061 1264 4145 φάσκει
1290 4065 1401 4125 »πέντε
1422 4063 1457 4125 ἐν
1480 4065 1555 4146 οίκῳ
1578 4061 1624 4124 ἑνὶ
1648 4062 1797 4140 διαμεμε-

219 4171 376 4251 ρισμένοι·
400 4166 457 4232 δύο
479 4167 533 4230 έπλ
554 4172 643 4251 τρισί,
666 4174 720 4229 καὶ
741 4179 820 4248 τρεῖς
842 4169 895 4231 ἐπὶ
918 4166 1047 4230 δυσίνι·
1081 4167 1134 4239 οῦς
1162 4166 1199 4229 ἐν
1228 4178 1292 4240 τοῖς
1322 4165 1393 4250 ἑξῆς
1422 4165 1695 4248 άπαριθμουμένη
1720 4169 1797 4227 καθ’

219 4275 359 4346 ἑκαστον,
391 4270 449 4350 ούχ
476 4277 593 4354 ίστησιν
624 4273 666 4336 ἔτι
689 4274 741 4336 τὸν
763 4270 909 4352 α’ριθμδν
938 4271 974 4333 έν
997 4281 1060 4343 τοῖς
1082 4274 1185 4346 πέντε,
1208 4267 1292 4333 α’λλδ
1317 4273 1446 4333 καὶτὸν
1469 4275 1557 4333 ἕκτον
1581 4273 1797 4353 προστίθησιν,

219 4375 262 4449 ῶς
282 4376 365 4439 εῖναι
386 4385 466 4458 τρεῖς
487 4374 642 4452 συζυγίας,
666 4375 720 4439 οῦκ
742 4375 869 4450 ἐνδεεῖς,
893 4374 964 4437 ἀλλ’
988 4374 1125 4455 α’ρτίους.
1147 4380 1215 4449 πῶς
1237 4373 1294 4440 οῦν
1315 4378 1379 4458 φῆς
1403 4378 1537 4457 προθεὶς
1552 4374 1653 4462 πένῆτε
1742 4373 1799 4438 60²

217 4479 337 4560 μόνους
358 4487 411 4541 καί
432 4481 488 4542 τδν
508 4482 596 4542 έκτον
617 4480 766 4564 ἐπήνεγκε
772 4509 783 4558 ,·
816 4481 966 4562 4πρῶτον
993 4483 1053 4559 μὲν
1082 4476 1138 4543 ούν
1167 4481 1206 4544 ού
1234 4501 1289 4561 μοι
1318 4479 1408 4542 δοκεῖ
1426 4481 1506 4561 πρὸς
1528 4480 1597 4552 τούς
1618 4482 1710 4541 πέντε
1731 4480 1801 4550 τούς

219 4588 444 4665 προκειμένους
465 4585 534 4657 τούς
554 4585 773 4664 ἐπαγομένους
794 4587 829 4660 ἐξ
851 4585 1032 4665 ἐπιφέρειν,
1065 4581 1135 4648 οῦδὲ
1163 4592 1218 4668 τῆν
1239 4586 1381 4648 πεντάδα
1404 4584 1443 4667 δή
1465 4583 1578 4667 ταύτην
1599 4581 1800 4664 ῦποδιαιρεῖν

217 4693 272 4751 καί
293 4688 395 4751 πάλιν
415 4688 460 4762 είς
482 4693 536 4769 τήν
554 4688 670 4766 ἑξάδα,
693 4689 756 4753 άλλ
777 4688 844 4752 ἐκεῖ
864 4693 923 4770 μὲν
945 4686 1081 4771 ῆγοῦμαι
1103 4691 1158 4751 τδν
1181 4689 1277 4766 λόγον
1304 4687 1532 4771 μυστικῶτερδν
1559 4713 1587 4752 τι
1617 4687 1743 4773 δηλοῦν,
1766 4688 1799 4749 τδ

216 4795 269 4876 τῆς
289 4793 392 4876 μάχης
413 4791 628 4872 αίνιττόμενον
651 4794 805 4860 δύσλυτον
827 4799 881 4858 καὶ
903 4793 936 4856 τδ
960 4793 1041 4875 πρδς
1061 4793 1192 4877 εἰρήνην
1212 4793 1431 4877 δυσξύμβατον
1453 4797 1515 4856 τῶν
1536 4796 1726 4874 μαχομένων
1748 4802 1801 4854 καί

289 4919 318 4967 28
336 4915 423 4970 Lucae
443 4935 481 4983 13,
500 4919 549 4985 251
566 4936 597 4985 30
615 4917 728 4973 Timoth
748 4939 766 4972 α
787 4936 808 4982 1,
828 4923 893 4987 913
913 4917 1003 4972 Lucas
1022 4937 1059 4982 12,
1078 4936 1109 4985 52
