4560 6172
482 511 531 574 -96
2004 507 2080 572 177

489 680 525 744 δὲ
547 682 627 760 πρδς
648 681 691 744 ἔτι
715 717 755 727 -
778 677 858 763 μηδέ
879 677 941 757 γάρ
964 680 1054 743 τούτο
1077 677 1306 759 παρέλθωμεν,
1329 679 1399 743 ἐπεὶ
1420 677 1605 762 τηλικούτου
1631 699 1683 727 -·
1707 677 1741 739 τό
1763 676 1817 751 δέ,
1841 678 1916 756 παρ’
1939 673 2030 758 ήμῶν
2051 698 2082 740 τε

488 788 543 847 καλ
563 783 643 864 ὑπέρ
665 779 885 866 ήμαῖνιαύτύν
907 780 1063 861 ἄντικρυς,
1087 779 1133 856 οίς
1155 779 1295 864 η’ξίωσαν
1316 783 1362 857 είς
1383 786 1419 847 ἓν
1441 781 1621 855 συνελθεῖν,
1653 781 1905 858 συγκαταβάντες
1926 784 2082 856 τοσοῦτον,

487 889 542 951 έπί
568 909 599 949 τε
629 887 763 970 ἡμετέρᾳ
788 890 861 975 τιμή
891 890 945 948 καλ
973 883 1139 970 συμφώνῳ
1171 886 1343 967 δοξολογίηι
1382 890 1435 950 τοτ’
1472 885 1669 967 παραδόξως
1702 882 1871 968 ἀμφότερα
1900 888 1936 973 τῇ
1968 883 2085 948 έαυτού

488 991 615 1054 κενόσει
637 988 824 1064 ἕναίσαντος.

579 1092 634 1156 ²¹0
656 1096 716 1174 μὲν
737 1090 798 1158 ούν
820 1091 910 1170 ἀγοίν
931 1116 986 1172 μοι
1009 1093 1152 1169 διπλοῦς,
1175 1099 1229 1155 καί
1252 1093 1402 1176 δυσχερής
1425 1093 1678 1175 ἀμφοτέρωθεν·
1713 1092 1752 1175 ήν
1774 1091 1810 1154 δὲ
1832 1092 1979 1171 μέθοδον
2002 1093 2082 1172 πρός

487 1201 595 1262 τοῦτον
616 1196 757 1278 εὑρίσκω,
782 1200 837 1259 καὶ
858 1201 928 1260 τίνα
950 1197 1034 1259 δοκῶ
1058 1220 1112 1276 μοι
1135 1199 1256 1278 τρόπον
1276 1195 1442 1278 μετελθεῖν
1470 1199 1508 1259 τά
1538 1201 1703 1276 παρόντα,
1737 1201 1791 1257 καλ
1823 1194 1897 1275 ὑμῖν
1927 1200 2080 1277 σημαναῖ·

486 1301 522 1366 εὑ
543 1299 606 1381 γάρ
628 1301 720 1376 οίύα,
754 1306 886 1365 ποθεῖτε
914 1306 1100 1380 προμαθεῖν
1128 1304 1162 1364 τδ
1194 1304 1370 1381 πρακτέον,
1393 1299 1437 1374 ὡς
1459 1299 1517 1380 οὑχ
1539 1295 1628 1383 η’ττον
1649 1300 1702 1382 ἐφ’
1725 1298 1801 1382 ήμῖν
1823 1307 1876 1361 καὶ
1898 1297 1988 1364 αὐτοὶ
2010 1301 2082 1380 περὶ

489 1413 544 1488 τήν
564 1409 619 1470 τοῦ
640 1409 749 1470 κοινοῦ
771 1404 864 1469 τούύε
885 1409 997 1485 χρέους
1019 1407 1134 1468 ἔκτισιν
1156 1403 1400 1478 κινδυνεύοντες.

576 1507 863 1588 8Ἀναάραμοῦμαι
883 1512 944 1588 μὲν
965 1509 1019 1571 έπλ
1051 1509 1140 1581 θεόν,
1172 1512 1228 1591 τήν
1255 1506 1406 1570 ἀνωτάτω
1436 1506 1568 1570 πάντων
1597 1505 1709 1589 ἀρχήν,
1743 1511 1797 1568 καὶ
1826 1510 1897 1586 περὶ
1927 1504 2023 1572 αὑτοῦ
2051 1529 2081 1569 τε

488 1614 590 1692 βραχύ
613 1612 836 1696 φιλοσοφήσας
855 1617 910 1673 καί
930 1616 1067 1692 μέτριον,
1100 1612 1228 1674 έκεῖθεν
1250 1612 1375 1701 σπουδή
1397 1613 1478 1691 πρδς
1498 1611 1569 1685 τούς
1590 1609 1744 1687 ἀγγέλους
1765 1615 1915 1693 χωρήσω,
1949 1615 2081 1691 τοῦμὲν

489 1714 533 1789 ύς
554 1714 728 1794 ἀπροσίτου
752 1721 852 1795 πυρδς
874 1720 1088 1795 παραφαύων
1108 1718 1169 1796 μέν
1191 1714 1388 1798 ὑφειμένως,
1419 1714 1597 1795 ὑποχωρῶν
1618 1716 1654 1777 δέ
1676 1719 1769 1793 ταχύ,
1801 1721 1856 1776 καὶ
1884 1719 1921 1802 τῇ
1941 1715 2080 1804 βελτίστη

490 1817 593 1898 δειλίᾳ
622 1817 827 1900 ποριζόμενος
854 1821 888 1882 τό
918 1817 1108 1882 ἀκίνδυνον·
1139 1819 1143 1906 ί
1176 1830 1242 1893 τοῖς
1270 1820 1306 1883 δέ
1337 1823 1538 1899 προστρέχων
1568 1816 1669 1903 ήδέως
1700 1817 1742 1891 ὡς
1765 1813 1854 1901 ήττον
1875 1823 1935 1898 μὲν
2004 1819 2080 1884 116²

490 1926 650 2006 φοβεροῖς,
673 1923 728 2005 τήν
750 1922 786 1985 δὲ
807 1921 906 2004 φύσιν
926 1921 1053 2000 μᾶλλον
1075 1923 1293 2004 οἰκειοτέροις·
1317 1926 1429 2002 κτίσμα
1450 1927 1514 2002 γάρ
1536 1920 1580 1995 ὡς
1600 1921 1672 1997 έγά,
1697 1924 1758 1983 κάν
1780 1928 1926 1988 τοσούτου
1948 1921 2026 2002 ἀξίᾳ
2047 1946 2079 1985 τε

490 2031 544 2089 καί
566 2027 647 2114 δόξη
670 2029 855 2108 προέχωσιν.
896 2024 1002 2100 άλλως
1022 2050 1053 2089 τε
1087 2032 1141 2088 καί
1162 2033 1214 2109 τῆς
1236 2027 1315 2107 πρὸς
1337 2031 1420 2089 θεόν
1439 2028 1501 2107 μὲν
1522 2029 1610 2107 τιμής
1632 2023 1649 2087 ὁ
1673 2027 1803 2104 σύμπας
1824 2028 1939 2106 χρόνος
1958 2027 2077 2106 καιρός,

488 2141 553 2204 τοῖς
581 2130 617 2193 δέ
647 2132 702 2210 τήν
732 2131 899 2210 παροῦσαν
928 2120 1025 2208 ἴσμεν
1047 2127 1147 2194 οὖσαν
1168 2131 1349 2210 έξαίρετον·
1378 2133 1421 2213 τῷ
1442 2152 1489 2192 τοι
1512 2134 1566 2190 καὶ
1588 2128 1719 2204 σύναξιν
1741 2129 1900 2209 καλοῦμεν
1922 2129 2076 2206 ἀγγέλων,

489 2235 530 2314 ήν
549 2257 582 2298 τε
603 2235 810 2319 συνήχθησαν
831 2230 920 2296 αὐτοὶ
943 2233 1019 2314 παρ’
1043 2231 1127 2315 ήμῖν,
1159 2234 1199 2318 ήν
1227 2258 1259 2298 τε
1292 2233 1473 2316 συνήγαγον
1505 2232 1588 2316 ήμᾶς
1618 2232 1670 2313 ἀφ’
1703 2231 1843 2308 ἑαυτοῖς,
1875 2229 1974 2295 οἱονεί
2005 2254 2076 2297 τινα

488 2349 608 2422 μοῖραν
628 2339 683 2402 τοὺ
705 2339 792 2412 ἔτους
814 2337 1043 2421 ἀφωρισμένην
1064 2338 1119 2419 τήν
1141 2335 1265 2420 ήμέραν
1285 2337 1539 2417 έξοικειούμενοι.
1582 2335 1652 2399 9ἀεί
1672 2337 1710 2419 δή
1733 2337 1862 2410 πάντως
1884 2336 1996 2409 αύτούς
2015 2342 2077 2402 νῦν

488 2445 577 2522 εἴπερ
600 2445 693 2515 ποτέ,
725 2442 890 2522 τυγχάνειν
911 2445 974 2505 τῶν
996 2440 1225 2522 καθηκόντων·
1255 2441 1396 2522 καθήκοι
1418 2439 1446 2502 δ’
1468 2441 1511 2502 ἀν
1533 2439 1627 2517 λόγος
1650 2442 1712 2520 πρό
1734 2446 1797 2502 τῶν
1818 2440 1928 2503 ἄλλων
1948 2440 2078 2516 είκότως

490 2545 684 2609 οἰκειότατον
706 2544 812 2627 δῶρον
832 2543 909 2628 ήμῖν
929 2567 960 2608 τε
983 2554 1212 2624 προσενεγκεῖν,
1235 2543 1281 2606 ὅτι
1305 2543 1434 2620 λογικοί,
1458 2543 1615 2619 κάκείνοις
1637 2544 1679 2627 δή
1701 2564 1765 2606 που
1787 2543 1909 2621 λαβεῖν,
1932 2544 1976 2619 άις
1998 2569 2077 2626 κρα-

488 2653 600 2724 τίστοις
620 2654 683 2711 τῶν
706 2647 861 2725 λογικῶν·
884 2647 982 2725 λόγον
1003 2644 1061 2712 οὑν
1082 2652 1137 2709 καὶ
1160 2645 1364 2728 προσάγομεν
1383 2645 1523 2722 εάλόγως
1545 2647 1599 2710 διά
1622 2648 1678 2710 τόν
1699 2646 1808 2723 λόγον,
1846 2648 1915 2710 έπεί
1938 2648 1974 2711 δὲ
1997 2651 2077 2730 πρδς

490 2752 570 2818 οὕτω
593 2749 795 2834 λαμπροὺςὺ
819 2752 912 2827 λόγος
934 2749 1019 2834 ήμῖν,
1051 2754 1107 2814 καί
1135 2749 1289 2830 λαμπρὰν
1317 2747 1419 2834 ἀρχήν
1439 2753 1502 2826 έξει
1530 2751 1609 2832 μετά
1631 2748 1782 2832 λαμπροῦ
1803 2752 2078 2834 παραδείγματος·

490 2857 553 2939 ὅρα
575 2862 636 2939 γάρ
658 2855 757 2931 εὑθὺς
777 2855 846 2920 οίον
866 2853 1053 2936 ἀπολάμπει
1075 2855 1256 2936 λεγόμενον.

580 2962 607 3000 ¹⁰
621 2963 663 3024 Τί
683 2965 747 3024 τῶν
765 2959 939 3042 δρωμένων
960 2960 994 3022 τδ
1016 2957 1200 3036 κάλλισυονς
1224 2956 1322 3040 ήλκος.
1344 2961 1371 3019 τί
1392 2956 1429 3019 δέ
1450 2959 1513 3018 τάν
1534 2959 1718 3039 νοουμένων
1724 2987 1737 3036 ,·
1759 2959 1851 3032 θεός.
1878 2956 1896 3021 δ
1917 2962 1987 3040 μέν,
2011 2961 2079 3023 πᾶν

490 3064 640 3145 αύγοίζων
660 3064 694 3127 τό
717 3064 801 3126 κάτω
824 3068 879 3125 καί
899 3067 933 3126 εδ
956 3064 1135 3143 έγκόσμιον,
1156 3060 1237 3138 όδέ,
1252 3061 1256 3148 ή
1271 3065 1339 3124 πᾶν
1351 3060 1385 3124 τδ
1404 3059 1474 3122 ἀνω
1489 3060 1632 3143 φωτίζων
1647 3062 1934 3144 καλὺπερκόσμιον.
2002 3063 2080 3129 117ι

494 3170 555 3232 ιιτί
577 3169 607 3230 δ’
628 3165 730 3242 εὐθύς
753 3166 854 3230 καλόν
873 3169 952 3245 μετά
974 3166 1083 3249 ήλιον,·
1117 3164 1258 3248 ἀστέρων
1279 3163 1391 3247 χορός·
1424 3168 1497 3244 περὶ
1525 3163 1624 3229 αύτόν
1652 3189 1684 3229 τε
1713 3169 1898 3245 κινούμενος
1926 3167 1963 3230 έν
1991 3167 2078 3243 τάξει

490 3276 715 3356 παναρμονίῳ,
737 3275 792 3332 καί
813 3270 956 3354 φαιδρδν
974 3269 1021 3334 ὅτι
1041 3270 1180 3352 μάλιστα
1201 3270 1266 3351 μετ’
1287 3269 1410 3333 έκεῖνον
1431 3266 1616 3348 έκλάμπων.
1645 3273 1675 3332 τί
1697 3269 1725 3332 δ’
1746 3268 1857 3333 αὐτίκα
1879 3276 1957 3352 μετὰ
1979 3273 2080 3351 θεόνγ

492 3376 637 3455 ἀγγέλων
659 3374 805 3460 πληθύς·
829 3378 922 3456 φῶτα
950 3374 1076 3454 δεύτερα
1099 3373 1232 3456 λαμπρά
1255 3379 1309 3435 καί
1329 3371 1467 3455 μεγάλα,
1489 3371 1525 3447 έξ
1546 3370 1618 3447 ἑνός
1638 3371 1846 3454 ἀναπτόμενα
1868 3379 1922 3441 τοῦ
1935 3380 2080 3456 μεγίστου

493 3485 547 3544 καί
568 3483 705 3560 πραίτσυ,
739 3483 793 3539 καί
814 3477 873 3541 ἀπ’
897 3476 993 3543 αὑτοῦ
1014 3482 1074 3558 μέν
1097 3476 1287 3560 δρμαίμενα,
1321 3480 1393 3559 περί
1415 3477 1491 3541 αύτδ
1517 3475 1554 3538 δὲ
1575 3476 1785 3559 στρεφόμενα,
1818 3484 1872 3540 καλ
1894 3480 1937 3542 δι’
1957 3479 2080 3544 ἑαυτῶν

492 3585 573 3668 πρὸς
594 3582 678 3666 ήμάς
699 3583 754 3644 τδν
776 3581 903 3644 έκεῖθεν
925 3585 1089 3665 φωτισμόν
1111 3585 1381 3661 παραπέμποντα,
1413 3585 1468 3642 ίνα
1489 3580 1592 3662 μηδέν
1613 3577 1633 3670 ή
1657 3585 1749 3643 κενόν
1769 3582 1850 3664 μηδέ
1872 3584 2009 3664 ἀμοιρον
2028 3587 2081 3666 τής

492 3686 642 3751 ἀστέκτυυ
670 3696 734 3759 τοῖς
763 3690 844 3748 πᾶσι
871 3690 924 3747 καλ
952 3684 1118 3767 ἀχωρήτου
1152 3685 1249 3767 δόξης
1270 3685 1408 3767 ἐκείνης·
1445 3684 1471 3722 ¹²
1480 3688 1621 3747 τοιοῦτον
1643 3682 1743 3768 γάρή
1770 3689 1846 3747 θεία
1867 3686 2081 3768 μεγαλειότης,

492 3789 638 3873 ἀόριστος
660 3794 714 3850 καὶ
735 3786 906 3870 ἀνέφικτος
927 3789 984 3871 τήν
1004 3811 1035 3851 τε
1057 3788 1194 3870 δύναμιν
1217 3788 1286 3869 ἅμα
1308 3794 1362 3850 καλ
1383 3788 1439 3871 τήν
1461 3788 1565 3863 δόξαν
1587 3792 1641 3849 καὶ
1661 3788 1718 3873 τήν
1739 3787 1860 3854 ούσίαν.
1882 3793 1951 3864 πῶς
1971 3789 2000 3852 δ’
2022 3788 2080 3855 οόκ

493 3893 664 3978 ἀνέφικτος
671 3921 683 3972 ,·
705 3893 723 3976 ή
745 3898 799 3954 καλ
821 3899 940 3967 τούτοις
962 3891 1078 3969 αὑτοῖς,
1102 3897 1136 3956 οί
1155 3897 1209 3954 καί
1228 3883 1338 3955 στάσιν
1360 3898 1415 3954 καὶ
1436 3895 1527 3968 τάξιν
1549 3891 1705 3968 ἐγγυτάτω
1726 3891 1837 3976 ταύτης
1859 3893 2012 3980 είλήχασι,
2034 3917 2082 3957 το-

493 4001 605 4065 σούτυν
625 3998 855 4079 παραύείκνυσι
876 3997 976 4076 μόνον
998 3996 1076 4058 όσον
1097 3998 1131 4058 τδ
1153 4001 1279 4076 τρισσδν
1300 3995 1412 4079 εἀυτής
1433 4001 1487 4058 καὶ
1506 3995 1629 4059 ένιαῖον
1643 3999 1806 4076 γνωρίσαι,
1829 3996 2002 4078 ἀμερίστως
2023 4002 2083 4078 μὲν

491 4099 710 4186 μεριζόμενον,
733 4100 914 4181 ἀσυγχύτως
935 4100 971 4163 δὲ
990 4099 1245 4181 συναπτόμενον·
1268 4103 1348 4180 πρός
1369 4101 1388 4163 ὃ
1410 4105 1464 4162 καὶ
1485 4103 1541 4162 τόν
1562 4098 1714 4179 ἀοίδιμον
1736 4099 1855 4179 ύμνον*
1876 4103 1998 4165 έκεῖνον
2018 4103 2086 4182 μετ’

492 4205 674 4289 έκπλήξεως
696 4204 803 4289 ήλίκης
824 4202 1028 4284 κεκράγασιν,
1063 4203 1108 4278 είς
1140 4209 1221 4287 μίαν
1243 4206 1422 4289 κυριότητος
1446 4205 1450 4292 Ι
1473 4207 1597 4280 ένωσιν,
1618 4207 1672 4266 εἴτ’
1696 4202 1752 4271 οὑν
1776 4206 1933 4288 θεότητος,
2007 4207 2084 4272 117²

363 4333 367 4338 ·
493 4311 563 4384 τοὺς
594 4314 658 4373 τύν
691 4307 897 4372 ὑποστάσεων
926 4317 1008 4389 τρεῖς
1035 4311 1258 4392 συναιρούντες
1285 4307 1472 4387 ἀγιασμούς.
1521 4305 1655 4369 18τσῖλλα
1684 4308 1721 4371 δέ
1754 4310 2001 4384 συγκαλύπτεται
2032 4315 2087 4374 καὶ

493 4415 574 4478 καθ’
594 4413 709 4495 ἑαυτήν
731 4410 918 4494 ἀπορρήτως
940 4414 994 4472 καὶ
1014 4416 1170 4493 μυστικάς
1191 4409 1443 4493 ἀποκρύπτεται·
1466 4411 1553 4492 ὅμως
1573 4417 1680 4493 μέντοι
1701 4418 1755 4475 καί
1778 4412 1857 4478 οὑτω
1880 4417 1934 4495 τήν
1956 4415 2086 4499 λαμπη-

495 4517 578 4581 δόνα
609 4516 839 4591 συστέλλουσα,
870 4514 1065 4598 περιλάμπει
1095 4540 1127 4580 τε
1155 4516 1286 4600 σφόδρα
1315 4520 1359 4603 τῷ
1390 4521 1598 4602 φαινομένῳ,
1628 4522 1682 4579 καὶ
1711 4516 1914 4600 ὑπερλάμπει
1941 4521 2087 4598 πρώτους

495 4617 616 4695 αύτούς,
640 4614 685 4693 ὥς
704 4620 748 4702 μή
771 4617 928 4695 δυνατούς
948 4619 1032 4684 είναι
1055 4623 1166 4704 φέρειν
1186 4623 1240 4703 τής
1261 4619 1427 4704 ἀστραπής
1444 4621 1526 4706 μηδὲ
1547 4626 1581 4686 τδ
1603 4624 1830 4703 μετρούμενον·
1853 4623 1908 4686 διδ
1929 4627 2017 4688 τοῦτο
2032 4629 2087 4685 καί

495 4724 654 4805 πρόσωπα
676 4728 732 4787 καί
753 4723 859 4799 πόδας
880 4725 963 4806 δμού
986 4734 1055 4800 ταῖς
1076 4724 1199 4790 έαυτύν
1221 4726 1416 4791 καλύπτουσι
1439 4730 1596 4808 πτέρυξιν,
1620 4726 1664 4802 ύς
1684 4728 1747 4793 οὔτ’
1771 4725 1873 4812 ἀρχήν
1894 4728 1962 4794 οὑτε
1985 4733 2088 4810 πέρας

567 4849 581 4897 8
600 4845 643 4900 0¹⁰
663 4845 733 4899 όιατί
749 4847 859 4909 σόναξις
877 4847 1001 4918 ἀγγέλων
1018 4847 1033 4914 ἧ
1051 4848 1127 4919 ἑορτή
1145 4847 1303 4920 ὀνομάζεται
1323 4848 1516 4918 δίυάειπνοάΙ
1533 4869 1562 4905 ιτ
1579 4851 1616 4919 Ι
1634 4850 1677 4905 0¹¹²
1694 4853 1699 4920 Ι
1716 4870 1745 4904 ιτ
1763 4850 1851 4906 Iunias
1868 4854 1893 4916 6,
1911 4871 1924 4920 3
