4560 6172
260 739 433 822 ἐπεύχομαι
455 740 502 815 δέ,
526 740 671 804 πλεῖστον
690 741 835 808 ένταῦθα
856 746 974 822 χρόνον

259 845 333 926 ὐμῖν
355 845 496 928 δοθῆναι
519 849 572 906 καὶ
593 846 627 911 τὸ
648 850 826 927 συγχαίρειν
848 845 928 926 ἅμα.

260 955 313 1010 καὶ
336 949 375 1032 δη
398 952 696 1032 συνευφραίνοισθε,
720 957 772 1012 καὶ
793 950 940 1031 βλέποιτέ
960 974 1015 1032 μοι

198 1054 241 1120 35
263 1054 392 1116 καὶτὸν
414 1055 549 1135 φαεινόν
571 1052 662 1136 η’λιον
683 1057 737 1117 καὶ
759 1054 944 1137 φωσφόρον,
1562 1064 1589 1111 35
1639 1062 1768 1112 W‘WW

261 1159 295 1220 τό
318 1158 468 1237 κοσμικόν
491 1160 571 1239 φῶς,
594 1159 649 1240 την
670 1156 812 1241 γαλήνην
833 1163 888 1223 τοῦ
908 1162 991 1236 βίου,
1562 1133 1686 1186 amm
1688 1118 1754 1169 hum

263 1262 320 1342 ἔαρ
343 1261 376 1324 τό
400 1261 553 1343 φαιδρόν,
575 1266 627 1344 τῆς
647 1266 750 1342 χαρᾶς
771 1267 826 1345 την
848 1260 980 1345 ἡμέραν,

263 1370 317 1428 τόν
337 1363 445 1448 εὐγενῆ
465 1368 535 1446 μέν,
557 1364 665 1448 εὐτυχῆ
688 1366 723 1428 δὲ
746 1365 909 1449 δεσπότην,

263 1474 316 1532 τόν
338 1468 447 1552 εὐτυχῆ
469 1473 537 1549 μὲν,
561 1467 670 1551 εὐσεβῆ
693 1469 729 1531 δὲ
750 1472 784 1532 τό
809 1469 918 1544 πλέον,

198 1573 241 1639 40
262 1578 314 1657 τῆς
334 1575 390 1657 γῆς
411 1577 445 1635 τύ
469 1576 592 1653 θαῦμα,
614 1575 669 1635 τὸν
688 1575 791 1653 μέγαν
813 1579 1027 1654 Μυνομοῖχον,

263 1678 301 1739 ὃν
324 1675 340 1760 ἢ
364 1682 503 1759 πρόνοια
525 1680 682 1757 κοσμικῶν
703 1681 812 1739 κακῶν
834 1678 922 1739 λύσιν

264 1782 382 1857 ἔδειξεν
404 1779 553 1864 ἡμῖνκαὶ
575 1781 683 1843 καλῶν
705 1781 836 1844 πόντων
856 1780 977 1862 βρύσιν,

265 1884 377 1971 χοῦτως
398 1884 524 1947 ἄλυπον
545 1885 719 1966 έκπερᾶσαι
742 1887 797 1948 τόν
818 1889 898 1965 βίον.
1562 1915 1591 1962 43
1624 1893 1769 1959 εκπιροῖοαι

264 1988 361 2068 ἔχοιτε
383 1991 490 2052 τοῦτον
511 1987 625 2068 λύχνον
648 1988 751 2051 ἄλλον
772 1989 808 2050 έν
829 1992 926 2070 μέσῳ,
1563 1967 1757 2036 ³⁴P⁰ssffiph¹¹m

200 2094 242 2160 45
265 2095 415 2172 ἄσβεστον
437 2093 638 2172 ἐκπέμποντα
661 2092 918 2174 λαμπαδουχίαν,

263 2199 343 2276 πρὸς
365 2197 403 2258 δν
424 2195 600 2276 βλέπουσαι
623 2196 719 2259 νύκτα
740 2202 793 2260 καὶ
814 2199 890 2277 μεθ’
914 2196 1044 2280 ἡμέραν,

264 2299 344 2380 όμοῦ
367 2324 398 2364 τε
419 2302 657 2382 συντέρποισθε,
680 2305 734 2363 καὶ
756 2298 914 2383 σῴζοισθέ
935 2324 1000 2381 μοι,

182 2509 250 2576 56.
271 2505 322 2568 Ἐν
343 2513 378 2593 τῇ
406 2508 513 2591 μνήμη
537 2511 599 2569 τόν
622 2507 722 2583 ἁγίων
745 2510 875 2586 Σεργίου
897 2511 950 2568 καὶ
973 2509 1113 2586 Βόκχου,
1137 2505 1186 2569 ὅτε
1208 2508 1260 2568 καί
1282 2504 1372 2585 δῶρα
1395 2504 1550 2584 ἔπεμψεν.
1578 2528 1595 2560 ο
1612 2507 1769 2589 Νί11εε1ιο·

226 2612 243 2675 1
271 2609 311 2672 Οἳ
332 2616 537 2686 γειτονοῦντες
557 2610 712 2692 μάρτυρες
729 2610 797 2683 ’τοῖς
819 2610 986 2684 δεσπόταις
1563 2579 1768 2715 ωξέἒῇἳυῗζη

267 2712 310 2788 ὥς
331 2718 470 2790 γείτονας
492 2718 651 2795 στέργουσι
672 2716 741 2788 τούς
761 2715 797 2778 έν
818 2713 975 2799 γειτόνων,

268 2818 486 2904 φιλοβασιλεῖς
506 2819 542 2883 ἐκ
563 2823 696 2900 μακρῶν
719 2821 804 2892 ὄντες
825 2819 959 2900 χρόνων,

268 2927 322 2985 καί
343 2925 511 3007 συμφορὰς
531 2924 648 2986 ἔλυσαν
671 2922 775 2997 αὐτοῖς
797 2923 960 3002 πολλάκις,

225 3028 247 3094 5
268 3026 520 3110 όφαρπόσαντες
540 3028 575 3102 έξ
598 3024 747 3110 όλέθρων
768 3028 925 3108 έσχοῖτων·

267 3132 310 3214 έφ
333 3129 379 3204 οίς
401 3133 478 3213 παρ’
501 3130 605 3194 αὐτῶν
625 3127 716 3213 εὐρον
738 3130 946 3212 ἀντιμισθίαν

269 3238 324 3298 τόν
345 3238 564 3314 πανοέβαστον
585 3238 693 3298 τοῖτον
713 3236 802 3297 οἶκον
823 3236 956 3311 ἐνθάδε,

271 3340 306 3407 ὐς
326 3338 482 3423 εὐπρεπὴς
501 3343 561 3420 μὲν
582 3339 645 3401 έστὶ
667 3339 747 3413 δόξα
770 3342 813 3424 τῷ
836 3341 953 3422 κρότοι,

271 3443 361 3507 πόλει
384 3444 420 3505 δέ
442 3442 566 3524 κόσμος,
588 3454 652 3516 τοῖς
674 3443 704 3505 δ’
725 3442 913 3522 α’νακιόροις
936 3443 1055 3527 φύλαξ.

209 3549 250 3613 10
271 3552 377 3613 τοῦτον
397 3547 537 3627 βασιλεῖς
559 3546 733 3622 δεξιοῦνται
756 3547 927 3620 πλουσίως·

270 3655 378 3716 τοῦτον
399 3655 543 3731 σέβουσιν
565 3648 595 3713 οἱ
618 3655 759 3731 σεβαστοὶ
782 3651 943 3726 δεσπόται,

272 3755 370 3828 ἄλλος
392 3757 466 3835 παρ’
489 3755 591 3817 ἄλλου
614 3758 668 3817 τόν
689 3757 787 3820 τύπον
809 3755 1000 3833 δεδεγμένοι,

270 3864 324 3921 καὶ
345 3860 399 3943 την
421 3858 559 3940 οἷμοιβην
579 3862 642 3920 τῶν
662 3859 712 3921 ἐπ’
734 3860 841 3932 αὐτοῖς
864 3858 1041 3938 θαυμάτων

271 3975 335 4036 τοῖς
355 3962 509 4042 μόρτυσιν
531 3967 675 4043 νέμοντες
696 3963 732 4027 έκ
754 3966 807 4028 τοῦ
828 3961 972 4045 πλησίον.

212 4069 252 4134 15
274 4063 361 4130 οὐτοι
383 4067 546 4149 φιλοῦντες
567 4065 705 4130 ἔκπαλαι
724 4070 793 4140 τούς
813 4069 866 4132 τού
888 4068 1030 4147 κρότους,

272 4171 398 4252 μᾶλλον
420 4171 548 4252 φιλοῦσι
569 4170 638 4245 τούς
659 4172 736 4232 καθ’
759 4170 843 4255 ἡμᾶς
864 4171 1019 4246 δεσπότας

273 4273 315 4350 ιύς
337 4275 569 4358 εὐσεβεστέρους
591 4299 621 4337 τε
643 4281 696 4338 καὶ
718 4280 933 4356 σοφωτέρους·

276 4379 470 4466 Ισοφωίεροι
491 4382 553 4462 γὰρ
575 4381 653 4442 ελσίν
675 4379 705 4442 οὐ
728 4383 807 4459 πρὸς
829 4379 925 4455 α’ξίαν

273 4487 311 4546 τό
335 4488 412 4546 θεῖα
434 4488 529 4564 τιμᾶν
549 4483 667 4556 εἰδότες
688 4485 818 4546 πόντων
840 4484 948 4548 πλέον.

210 4590 253 4654 20
276 4583 360 4652 αὐτοι
382 4588 631 4655 κατευθύνουοιν
653 4586 756 4652 αὐτῶν
778 4587 811 4651 τό
834 4590 955 4667 κρότος,

275 4691 367 4777 αἴγλη
390 4698 624 4776 περιστέφοντες
644 4691 879 4775 εὐτυχημάτων·

274 4790 358 4860 οὗτοι
381 4797 446 4857 κατ’
468 4796 598 4876 ἐχθρῶν
619 4800 814 4877 συμμαχοῦσι
835 4808 900 4871 τοῖς
922 4798 1037 4881 φίλοις,

275 4905 329 4961 καὶ
351 4899 537 4982 προσφιλεῖς
558 4904 681 4964 τιθούσι
707 4911 771 4974 τοῖς
792 4899 952 4985 ὑπηκόοις,
