<?xml version="1.0" encoding="UTF-8"?>
<!DOCTYPE html PUBLIC "-//W3C//DTD XHTML 1.0 Transitional//EN"
    "http://www.w3.org/TR/xhtml1/DTD/xhtml1-transitional.dtd">
<html xmlns="http://www.w3.org/1999/xhtml" xml:lang="en" lang="en">
 <head>
  <title>
</title>
<meta http-equiv="Content-Type" content="text/html;charset=utf-8" />
  <meta name='ocr-system' content='tesseract 3.04.00' />
  <meta name='ocr-capabilities' content='ocr_page ocr_carea ocr_par ocr_line ocrx_word'/>
</head>
<body>
  <div class='ocr_page' id='page_1' title='image "./iohanniseuchait00vatigoog_0014.png"; bbox 0 0 4560 6172; ppageno 0'>
   <div class='ocr_carea' id='block_1_1' title="bbox 186 751 1799 4237">
    <p class='ocr_par' dir='ltr' id='par_1_1' title="bbox 263 751 1021 838">
     <span class='ocr_line' id='line_1_1' title="bbox 263 751 1021 838; baseline -0.001 -22"><span class='ocrx_word' id='word_1_1' title='bbox 263 757 378 835; x_wconf 87' lang='grc' dir='ltr'><strong><em>μέτρου</em></strong></span> <span class='ocrx_word' id='word_1_2' title='bbox 400 754 571 838; x_wconf 79' lang='grc' dir='ltr'><strong><em>γλυκασμῷ</em></strong></span> <span class='ocrx_word' id='word_1_3' title='bbox 594 753 771 833; x_wconf 85' lang='grc' dir='ltr'><strong><em>πανσόφως</em></strong></span> <span class='ocrx_word' id='word_1_4' title='bbox 794 751 1021 832; x_wconf 88' lang='grc' dir='ltr'><strong><em>πεπλεγμένου,</em></strong></span> 
     </span>
    </p>

    <p class='ocr_par' dir='ltr' id='par_1_2' title="bbox 264 855 955 939">
     <span class='ocr_line' id='line_1_2' title="bbox 264 855 955 939; baseline -0.003 -20"><span class='ocrx_word' id='word_1_5' title='bbox 264 856 439 920; x_wconf 75' lang='grc' dir='ltr'><strong><em>ἐπιστολῶν</em></strong></span> <span class='ocrx_word' id='word_1_6' title='bbox 463 855 574 918; x_wconf 82' lang='grc' dir='ltr'><strong><em>κάλλει</em></strong></span> <span class='ocrx_word' id='word_1_7' title='bbox 596 878 627 918; x_wconf 85' lang='grc' dir='ltr'><strong><em>τε</em></strong></span> <span class='ocrx_word' id='word_1_8' title='bbox 649 860 703 917; x_wconf 78' lang='grc' dir='ltr'><strong><em>καί</em></strong></span> <span class='ocrx_word' id='word_1_9' title='bbox 725 860 768 938; x_wconf 78' lang='grc' dir='ltr'><strong><em>τῷ</em></strong></span> <span class='ocrx_word' id='word_1_10' title='bbox 790 860 937 939; x_wconf 86' lang='grc' dir='ltr'><strong><em>συντόμῳ</em></strong></span> <span class='ocrx_word' id='word_1_11' title='bbox 944 884 955 931; x_wconf 91' lang='grc'><strong><em>,·</em></strong></span> 
     </span>
    </p>

    <p class='ocr_par' dir='ltr' id='par_1_3' title="bbox 264 957 1059 1042">
     <span class='ocr_line' id='line_1_3' title="bbox 264 957 1059 1042; baseline -0.001 -20"><span class='ocrx_word' id='word_1_12' title='bbox 264 959 302 1026; x_wconf 81' lang='grc' dir='ltr'><strong><em>οὐ</em></strong></span> <span class='ocrx_word' id='word_1_13' title='bbox 324 963 521 1042; x_wconf 78' lang='grc' dir='ltr'><strong><em>συγγραφεὺς</em></strong></span> <span class='ocrx_word' id='word_1_14' title='bbox 542 958 616 1038; x_wconf 83' lang='grc' dir='ltr'><strong><em>γάρ,</em></strong></span> <span class='ocrx_word' id='word_1_15' title='bbox 639 957 711 1020; x_wconf 82' lang='grc' dir='ltr'><strong><em>α’λλ’</em></strong></span> <span class='ocrx_word' id='word_1_16' title='bbox 732 957 854 1033; x_wconf 84' lang='grc' dir='ltr'><strong><em>έπικός,</em></strong></span> <span class='ocrx_word' id='word_1_17' title='bbox 878 963 930 1019; x_wconf 73' lang='grc' dir='ltr'><strong><em>καί</em></strong></span> <span class='ocrx_word' id='word_1_18' title='bbox 951 960 1059 1037; x_wconf 80' lang='grc' dir='ltr'><em>μόνως</em></span> 
     </span>
    </p>

    <p class='ocr_par' dir='ltr' id='par_1_4' title="bbox 266 1059 1007 1140">
     <span class='ocr_line' id='line_1_4' title="bbox 266 1059 1007 1140; baseline -0.001 -16"><span class='ocrx_word' id='word_1_19' title='bbox 266 1062 448 1134; x_wconf 81' lang='grc' dir='ltr'><strong><em>έπιστολεός</em></strong></span> <span class='ocrx_word' id='word_1_20' title='bbox 471 1059 528 1125; x_wconf 85' lang='grc' dir='ltr'><strong><em>οόκ</em></strong></span> <span class='ocrx_word' id='word_1_21' title='bbox 552 1064 643 1124; x_wconf 83' lang='grc' dir='ltr'><strong><em>ἔστιν.</em></strong></span> <span class='ocrx_word' id='word_1_22' title='bbox 667 1060 706 1123; x_wconf 87' lang='grc' dir='ltr'><strong><em>οό</em></strong></span> <span class='ocrx_word' id='word_1_23' title='bbox 727 1065 786 1140; x_wconf 77' lang='grc' dir='ltr'><strong><em>μὲν</em></strong></span> <span class='ocrx_word' id='word_1_24' title='bbox 809 1059 866 1123; x_wconf 81' lang='grc' dir='ltr'><strong><em>οόν</em></strong></span> <span class='ocrx_word' id='word_1_25' title='bbox 888 1061 1007 1136; x_wconf 90' lang='grc' dir='ltr'><strong><em>πόθεν,</em></strong></span> 
     </span>
    </p>

    <p class='ocr_par' dir='ltr' id='par_1_5' title="bbox 268 1161 944 1248">
     <span class='ocr_line' id='line_1_5' title="bbox 268 1161 944 1248; baseline -0.004 -21"><span class='ocrx_word' id='word_1_26' title='bbox 268 1165 344 1227; x_wconf 82' lang='grc' dir='ltr'><strong><em>ῶστε</em></strong></span> <span class='ocrx_word' id='word_1_27' title='bbox 367 1168 469 1248; x_wconf 87' lang='grc' dir='ltr'><strong><em>τρίτην</em></strong></span> <span class='ocrx_word' id='word_1_28' title='bbox 492 1184 541 1227; x_wconf 95' lang='grc' dir='ltr'><strong><em>σοι</em></strong></span> <span class='ocrx_word' id='word_1_29' title='bbox 563 1166 655 1238; x_wconf 80' lang='grc' dir='ltr'><strong><em>τάξιν</em></strong></span> <span class='ocrx_word' id='word_1_30' title='bbox 677 1161 793 1241; x_wconf 78' lang='grc' dir='ltr'><strong><em>α’γαπᾷ</em></strong></span> <span class='ocrx_word' id='word_1_31' title='bbox 816 1168 925 1245; x_wconf 79' lang='grc' dir='ltr'><strong><em>φέρων</em></strong></span> <span class='ocrx_word' id='word_1_32' title='bbox 933 1193 944 1240; x_wconf 73' lang='lat'>5</span> 
     </span>
    </p>

    <p class='ocr_par' dir='ltr' id='par_1_6' title="bbox 266 1269 959 1351">
     <span class='ocr_line' id='line_1_6' title="bbox 266 1269 959 1351; baseline -0.003 -21"><span class='ocrx_word' id='word_1_33' title='bbox 266 1271 475 1351; x_wconf 84' lang='grc' dir='ltr'><strong><em>Δημοσθένης</em></strong></span> <span class='ocrx_word' id='word_1_34' title='bbox 497 1271 637 1350; x_wconf 83' lang='grc' dir='ltr'><strong><em>γέγραφε</em></strong></span> <span class='ocrx_word' id='word_1_35' title='bbox 659 1270 823 1342; x_wconf 74' lang='grc' dir='ltr'><strong><em>γενναίους</em></strong></span> <span class='ocrx_word' id='word_1_36' title='bbox 845 1269 959 1341; x_wconf 90' lang='grc' dir='ltr'><strong><em>λόγους</em></strong></span> 
     </span>
    </p>

    <p class='ocr_par' dir='ltr' id='par_1_7' title="bbox 267 1367 972 1450">
     <span class='ocr_line' id='line_1_7' title="bbox 267 1367 972 1450; baseline 0 -20"><span class='ocrx_word' id='word_1_37' title='bbox 267 1375 320 1430; x_wconf 77' lang='grc' dir='ltr'><strong><em>καὶ</em></strong></span> <span class='ocrx_word' id='word_1_38' title='bbox 343 1371 468 1441; x_wconf 87' lang='grc' dir='ltr'><strong><em>πάντας</em></strong></span> <span class='ocrx_word' id='word_1_39' title='bbox 489 1368 570 1432; x_wconf 83' lang='grc' dir='ltr'><strong><em>είλεν</em></strong></span> <span class='ocrx_word' id='word_1_40' title='bbox 593 1367 635 1440; x_wconf 86' lang='grc' dir='ltr'><strong><em>ῶς</em></strong></span> <span class='ocrx_word' id='word_1_41' title='bbox 659 1370 756 1450; x_wconf 84' lang='grc' dir='ltr'><strong><em>ἄκρος</em></strong></span> <span class='ocrx_word' id='word_1_42' title='bbox 778 1373 972 1447; x_wconf 83' lang='grc' dir='ltr'><strong><em>τεταγμένος,</em></strong></span> 
     </span>
    </p>

    <p class='ocr_par' dir='ltr' id='par_1_8' title="bbox 269 1470 1018 1555">
     <span class='ocr_line' id='line_1_8' title="bbox 269 1470 1018 1555; baseline 0.001 -21"><span class='ocrx_word' id='word_1_43' title='bbox 269 1474 354 1555; x_wconf 80' lang='grc' dir='ltr'><strong><em>πλῆν</em></strong></span> <span class='ocrx_word' id='word_1_44' title='bbox 377 1472 449 1535; x_wconf 75' lang='grc' dir='ltr'><strong><em>ἄλλ’</em></strong></span> <span class='ocrx_word' id='word_1_45' title='bbox 470 1473 591 1534; x_wconf 77' lang='grc' dir='ltr'><strong><em>ἐκείνου</em></strong></span> <span class='ocrx_word' id='word_1_46' title='bbox 613 1475 728 1552; x_wconf 82' lang='grc' dir='ltr'><strong><em>μέτρον</em></strong></span> <span class='ocrx_word' id='word_1_47' title='bbox 750 1470 853 1552; x_wconf 72' lang='grc' dir='ltr'><strong><em>εὑρεῖν</em></strong></span> <span class='ocrx_word' id='word_1_48' title='bbox 873 1472 1018 1535; x_wconf 78' lang='grc' dir='ltr'><strong><em>οὐδέπω·</em></strong></span> 
     </span>
    </p>

    <p class='ocr_par' dir='ltr' id='par_1_9' title="bbox 270 1572 851 1657">
     <span class='ocr_line' id='line_1_9' title="bbox 270 1572 851 1657; baseline -0.003 -19"><span class='ocrx_word' id='word_1_49' title='bbox 270 1580 428 1657; x_wconf 74' lang='grc' dir='ltr'><strong><em>ποιητικῆς</em></strong></span> <span class='ocrx_word' id='word_1_50' title='bbox 452 1577 513 1656; x_wconf 86' lang='grc' dir='ltr'><strong><em>γάρ</em></strong></span> <span class='ocrx_word' id='word_1_51' title='bbox 537 1572 631 1639; x_wconf 78' lang='grc' dir='ltr'><strong><em>οὐδὲν</em></strong></span> <span class='ocrx_word' id='word_1_52' title='bbox 654 1573 792 1655; x_wconf 80' lang='grc' dir='ltr'><strong><em>ω’ργίακέ</em></strong></span> <span class='ocrx_word' id='word_1_53' title='bbox 814 1599 851 1648; x_wconf 92' lang='grc' dir='ltr'><strong><em>τι,</em></strong></span> 
     </span>
    </p>

    <p class='ocr_par' dir='ltr' id='par_1_10' title="bbox 268 1676 1014 1752">
     <span class='ocr_line' id='line_1_10' title="bbox 268 1676 1014 1752; baseline 0 -12"><span class='ocrx_word' id='word_1_54' title='bbox 268 1678 391 1740; x_wconf 83' lang='grc' dir='ltr'><strong><em>πολλοῦ</em></strong></span> <span class='ocrx_word' id='word_1_55' title='bbox 413 1701 447 1752; x_wconf 83' lang='grc' dir='ltr'><strong><em>γε</em></strong></span> <span class='ocrx_word' id='word_1_56' title='bbox 471 1685 523 1738; x_wconf 78' lang='grc' dir='ltr'><strong><em>καὶ</em></strong></span> <span class='ocrx_word' id='word_1_57' title='bbox 547 1677 597 1739; x_wconf 77' lang='grc' dir='ltr'><strong><em>δεῖ</em></strong></span> <span class='ocrx_word' id='word_1_58' title='bbox 617 1681 680 1739; x_wconf 88' lang='grc' dir='ltr'><strong><em>τῶν</em></strong></span> <span class='ocrx_word' id='word_1_59' title='bbox 700 1676 875 1740; x_wconf 77' lang='grc' dir='ltr'><strong><em>ἐπιστολῶν</em></strong></span> <span class='ocrx_word' id='word_1_60' title='bbox 897 1677 1014 1740; x_wconf 88' lang='grc' dir='ltr'><strong><em>πάλιν·</em></strong></span> 
     </span>
    </p>

    <p class='ocr_par' dir='ltr' id='par_1_11' title="bbox 269 1780 1026 1861">
     <span class='ocr_line' id='line_1_11' title="bbox 269 1780 1026 1861; baseline 0.001 -19"><span class='ocrx_word' id='word_1_61' title='bbox 269 1782 344 1843; x_wconf 89' lang='grc' dir='ltr'><strong><em>ῶστε</em></strong></span> <span class='ocrx_word' id='word_1_62' title='bbox 367 1785 536 1861; x_wconf 88' lang='grc' dir='ltr'><strong><em>προσέσται</em></strong></span> <span class='ocrx_word' id='word_1_63' title='bbox 559 1785 612 1841; x_wconf 76' lang='grc' dir='ltr'><strong><em>καλ</em></strong></span> <span class='ocrx_word' id='word_1_64' title='bbox 635 1781 703 1843; x_wconf 77' lang='grc' dir='ltr'><strong><em>κατ’</em></strong></span> <span class='ocrx_word' id='word_1_65' title='bbox 722 1780 818 1844; x_wconf 80' lang='grc' dir='ltr'><strong><em>οἷστοῦ</em></strong></span> <span class='ocrx_word' id='word_1_66' title='bbox 841 1786 889 1842; x_wconf 74' lang='grc' dir='ltr'><strong><em>σοὶ</em></strong></span> <span class='ocrx_word' id='word_1_67' title='bbox 912 1780 1026 1861; x_wconf 89' lang='grc' dir='ltr'><strong><em>κράτος</em></strong></span> 
     </span>
    </p>

    <p class='ocr_par' dir='ltr' id='par_1_12' title="bbox 269 1883 1079 1962">
     <span class='ocr_line' id='line_1_12' title="bbox 269 1883 1079 1962; baseline 0 -15"><span class='ocrx_word' id='word_1_68' title='bbox 269 1891 323 1948; x_wconf 74' lang='grc' dir='ltr'><strong><em>καὶ</em></strong></span> <span class='ocrx_word' id='word_1_69' title='bbox 345 1888 465 1957; x_wconf 83' lang='grc' dir='ltr'><strong><em>παντός</em></strong></span> <span class='ocrx_word' id='word_1_70' title='bbox 486 1884 588 1946; x_wconf 83' lang='grc' dir='ltr'><strong><em>ἄλλου</em></strong></span> <span class='ocrx_word' id='word_1_71' title='bbox 610 1890 666 1946; x_wconf 79' lang='grc' dir='ltr'><strong><em>τοῦ</em></strong></span> <span class='ocrx_word' id='word_1_72' title='bbox 688 1886 767 1945; x_wconf 84' lang='grc' dir='ltr'><strong><em>καθ’</em></strong></span> <span class='ocrx_word' id='word_1_73' title='bbox 790 1887 826 1946; x_wconf 78' lang='grc' dir='ltr'><strong><em>ἓν</em></strong></span> <span class='ocrx_word' id='word_1_74' title='bbox 846 1883 947 1962; x_wconf 87' lang='grc' dir='ltr'><strong><em>μόνον</em></strong></span> <span class='ocrx_word' id='word_1_75' title='bbox 969 1885 1079 1958; x_wconf 79' lang='grc' dir='ltr'><strong><em>σκέλος</em></strong></span> 
     </span>
    </p>

    <p class='ocr_par' dir='ltr' id='par_1_13' title="bbox 271 1987 990 2071">
     <span class='ocr_line' id='line_1_13' title="bbox 271 1987 990 2071; baseline -0.001 -20"><span class='ocrx_word' id='word_1_76' title='bbox 271 1990 362 2062; x_wconf 93' lang='grc' dir='ltr'><strong><em>κλέος</em></strong></span> <span class='ocrx_word' id='word_1_77' title='bbox 384 1992 547 2071; x_wconf 79' lang='grc' dir='ltr'><strong><em>φέροντος,</em></strong></span> <span class='ocrx_word' id='word_1_78' title='bbox 570 1990 632 2049; x_wconf 87' lang='grc' dir='ltr'><strong><em>τῶν</em></strong></span> <span class='ocrx_word' id='word_1_79' title='bbox 655 1987 742 2049; x_wconf 74' lang='grc' dir='ltr'><strong><em>δυεῖν</em></strong></span> <span class='ocrx_word' id='word_1_80' title='bbox 766 1989 990 2067; x_wconf 86' lang='grc' dir='ltr'><strong><em>στερουμένου·</em></strong></span> 
     </span>
    </p>

    <p class='ocr_par' dir='ltr' id='par_1_14' title="bbox 270 2089 1015 2173">
     <span class='ocr_line' id='line_1_14' title="bbox 270 2089 1015 2173; baseline 0 -21"><span class='ocrx_word' id='word_1_81' title='bbox 270 2095 324 2152; x_wconf 78' lang='grc' dir='ltr'><strong><em>καὶ</em></strong></span> <span class='ocrx_word' id='word_1_82' title='bbox 346 2101 437 2169; x_wconf 80' lang='grc' dir='ltr'><strong><em>χαῖρε</em></strong></span> <span class='ocrx_word' id='word_1_83' title='bbox 459 2089 583 2163; x_wconf 87' lang='grc' dir='ltr'><strong><em>λοιπόν,</em></strong></span> <span class='ocrx_word' id='word_1_84' title='bbox 606 2093 698 2168; x_wconf 71' lang='grc' dir='ltr'><strong><em>χαῖρέ</em></strong></span> <span class='ocrx_word' id='word_1_85' title='bbox 718 2111 773 2169; x_wconf 86' lang='grc' dir='ltr'><strong><em>μοι</em></strong></span> <span class='ocrx_word' id='word_1_86' title='bbox 795 2093 884 2172; x_wconf 87' lang='grc' dir='ltr'><strong><em>νίκην</em></strong></span> <span class='ocrx_word' id='word_1_87' title='bbox 906 2092 1015 2173; x_wconf 77' lang='grc' dir='ltr'><strong><em>φέρων</em></strong></span> 
     </span>
    </p>

    <p class='ocr_par' dir='ltr' id='par_1_15' title="bbox 271 2191 1121 2272">
     <span class='ocr_line' id='line_1_15' title="bbox 271 2191 1121 2272; baseline 0 -15"><span class='ocrx_word' id='word_1_88' title='bbox 271 2197 402 2258; x_wconf 87' lang='grc' dir='ltr'><strong><em>πάντων</em></strong></span> <span class='ocrx_word' id='word_1_89' title='bbox 423 2195 490 2254; x_wconf 84' lang='grc' dir='ltr'><strong><em>κατ’</em></strong></span> <span class='ocrx_word' id='word_1_90' title='bbox 514 2191 643 2271; x_wconf 86' lang='grc' dir='ltr'><strong><em>άνδρῶν</em></strong></span> <span class='ocrx_word' id='word_1_91' title='bbox 665 2197 728 2255; x_wconf 89' lang='grc' dir='ltr'><strong><em>τῶν</em></strong></span> <span class='ocrx_word' id='word_1_92' title='bbox 752 2194 899 2255; x_wconf 87' lang='grc' dir='ltr'><strong><em>θυόντων</em></strong></span> <span class='ocrx_word' id='word_1_93' title='bbox 920 2204 984 2267; x_wconf 79' lang='grc' dir='ltr'><strong><em>τοϊς</em></strong></span> <span class='ocrx_word' id='word_1_94' title='bbox 1005 2195 1121 2272; x_wconf 91' lang='grc' dir='ltr'><strong><em>λόγοις,</em></strong></span> 
     </span>
    </p>

    <p class='ocr_par' dir='ltr' id='par_1_16' title="bbox 271 2294 981 2377">
     <span class='ocr_line' id='line_1_16' title="bbox 271 2294 981 2377; baseline 0 -17"><span class='ocrx_word' id='word_1_95' title='bbox 271 2301 330 2369; x_wconf 75' lang='grc' dir='ltr'><strong><em>ἕως</em></strong></span> <span class='ocrx_word' id='word_1_96' title='bbox 352 2303 407 2359; x_wconf 83' lang='grc' dir='ltr'><strong><em>τόν</em></strong></span> <span class='ocrx_word' id='word_1_97' title='bbox 423 2294 541 2376; x_wconf 83' lang='grc' dir='ltr'><strong><em>Ἑρμῆν</em></strong></span> <span class='ocrx_word' id='word_1_98' title='bbox 563 2305 628 2367; x_wconf 75' lang='grc' dir='ltr'><strong><em>τοῖς</em></strong></span> <span class='ocrx_word' id='word_1_99' title='bbox 649 2294 756 2371; x_wconf 84' lang='grc' dir='ltr'><strong><em>λόγοις</em></strong></span> <span class='ocrx_word' id='word_1_100' title='bbox 776 2295 981 2377; x_wconf 72' lang='grc' dir='ltr'><strong><em>ὕπερβόλοις.</em></strong></span> 
     </span>
    </p>

    <p class='ocr_par' dir='ltr' id='par_1_17' title="bbox 266 2397 960 2481">
     <span class='ocr_line' id='line_1_17' title="bbox 266 2397 960 2481; baseline -0.003 -18"><span class='ocrx_word' id='word_1_101' title='bbox 266 2397 400 2472; x_wconf 82' lang='grc' dir='ltr'><strong><em>Ἠσαίας</em></strong></span> <span class='ocrx_word' id='word_1_102' title='bbox 423 2400 459 2459; x_wconf 76' lang='grc' dir='ltr'><strong><em>δὲ</em></strong></span> <span class='ocrx_word' id='word_1_103' title='bbox 481 2399 578 2462; x_wconf 85' lang='grc' dir='ltr'><strong><em>ταῦτα’</em></strong></span> <span class='ocrx_word' id='word_1_104' title='bbox 601 2416 651 2459; x_wconf 90' lang='grc' dir='ltr'><strong><em>σοι</em></strong></span> <span class='ocrx_word' id='word_1_105' title='bbox 674 2402 810 2480; x_wconf 90' lang='grc' dir='ltr'><strong><em>θαρρῶν</em></strong></span> <span class='ocrx_word' id='word_1_106' title='bbox 831 2400 960 2481; x_wconf 72' lang='grc' dir='ltr'><strong><em>γράιγει,</em></strong></span> 
     </span>
    </p>

    <p class='ocr_par' dir='ltr' id='par_1_18' title="bbox 271 2499 953 2584">
     <span class='ocr_line' id='line_1_18' title="bbox 271 2499 953 2584; baseline 0 -19"><span class='ocrx_word' id='word_1_107' title='bbox 271 2506 380 2574; x_wconf 83' lang='grc' dir='ltr'><strong><em>πιστός</em></strong></span> <span class='ocrx_word' id='word_1_108' title='bbox 404 2501 511 2581; x_wconf 89' lang='grc' dir='ltr'><strong><em>λάτρις</em></strong></span> <span class='ocrx_word' id='word_1_109' title='bbox 534 2504 588 2573; x_wconf 81' lang='grc' dir='ltr'><strong><em>σός</em></strong></span> <span class='ocrx_word' id='word_1_110' title='bbox 609 2499 953 2584; x_wconf 79' lang='grc' dir='ltr'><strong><em>ὑπομνηματογράιμος.</em></strong></span> 
     </span>
    </p>

    <p class='ocr_par' dir='ltr' id='par_1_19' title="bbox 186 2603 1799 3307">
     <span class='ocr_line' id='line_1_19' title="bbox 271 2603 1727 2687; baseline -0.001 -18"><span class='ocrx_word' id='word_1_111' title='bbox 271 2607 340 2670; x_wconf 85' lang='lat' dir='ltr'>Illis</span> <span class='ocrx_word' id='word_1_112' title='bbox 365 2611 426 2669; x_wconf 85' lang='lat'><strong><em>317</em></strong></span> <span class='ocrx_word' id='word_1_113' title='bbox 443 2604 529 2668; x_wconf 83' lang='lat' dir='ltr'>loliis</span> <span class='ocrx_word' id='word_1_114' title='bbox 548 2606 619 2684; x_wconf 83' lang='lat' dir='ltr'>ipsa</span> <span class='ocrx_word' id='word_1_115' title='bbox 634 2605 673 2668; x_wconf 77' lang='lat'><strong><em>0¹</em></strong></span> <span class='ocrx_word' id='word_1_116' title='bbox 696 2605 844 2685; x_wconf 78' lang='lat' dir='ltr'>praefuit</span> <span class='ocrx_word' id='word_1_117' title='bbox 866 2607 929 2671; x_wconf 88' lang='lat' dir='ltr'>tria</span> <span class='ocrx_word' id='word_1_118' title='bbox 945 2605 1032 2683; x_wconf 84' lang='lat' dir='ltr'>lolia,</span> <span class='ocrx_word' id='word_1_119' title='bbox 1057 2625 1138 2687; x_wconf 90' lang='lat' dir='ltr'>quae</span> <span class='ocrx_word' id='word_1_120' title='bbox 1161 2607 1257 2672; x_wconf 86' lang='lat' dir='ltr'>nullis</span> <span class='ocrx_word' id='word_1_121' title='bbox 1278 2608 1419 2672; x_wconf 88' lang='lat' dir='ltr'>numeris</span> <span class='ocrx_word' id='word_1_122' title='bbox 1442 2603 1620 2687; x_wconf 84' lang='lat' dir='ltr'>significata</span> <span class='ocrx_word' id='word_1_123' title='bbox 1643 2609 1727 2682; x_wconf 86' lang='lat' dir='ltr'>sunt,</span> 
     </span>
     <span class='ocr_line' id='line_1_20' title="bbox 186 2706 1729 2792; baseline -0.002 -18"><span class='ocrx_word' id='word_1_124' title='bbox 186 2708 362 2789; x_wconf 82' lang='lat' dir='ltr'>exquibus</span> <span class='ocrx_word' id='word_1_125' title='bbox 385 2709 493 2788; x_wconf 83' lang='lat' dir='ltr'>priora</span> <span class='ocrx_word' id='word_1_126' title='bbox 517 2707 578 2770; x_wconf 87' lang='lat' dir='ltr'><strong><em>due</em></strong></span> <span class='ocrx_word' id='word_1_127' title='bbox 602 2726 661 2786; x_wconf 88' lang='lat' dir='ltr'><strong><em>par</em></strong></span> <span class='ocrx_word' id='word_1_128' title='bbox 683 2706 831 2773; x_wconf 86' lang='lat' dir='ltr'>foliorum</span> <span class='ocrx_word' id='word_1_129' title='bbox 855 2709 1012 2788; x_wconf 81' lang='lat' dir='ltr'>efficiunt,</span> <span class='ocrx_word' id='word_1_130' title='bbox 1042 2711 1173 2773; x_wconf 81' lang='lat' dir='ltr'>tertium</span> <span class='ocrx_word' id='word_1_131' title='bbox 1196 2708 1307 2775; x_wconf 87' lang='lat' dir='ltr'>folium</span> <span class='ocrx_word' id='word_1_132' title='bbox 1330 2710 1491 2792; x_wconf 83' lang='lat' dir='ltr'>singulare</span> <span class='ocrx_word' id='word_1_133' title='bbox 1514 2714 1574 2773; x_wconf 87' lang='lat' dir='ltr'>est.</span> <span class='ocrx_word' id='word_1_134' title='bbox 1620 2708 1656 2770; x_wconf 93' lang='lat' dir='ltr'><strong><em>ln</em></strong></span> <span class='ocrx_word' id='word_1_135' title='bbox 1679 2707 1729 2771; x_wconf 83' lang='lat' dir='ltr'><strong><em>his</em></strong></span> 
     </span>
     <span class='ocr_line' id='line_1_21' title="bbox 187 2811 1730 2894; baseline -0.001 -18"><span class='ocrx_word' id='word_1_136' title='bbox 187 2811 291 2877; x_wconf 85' lang='lat' dir='ltr'>tribua</span> <span class='ocrx_word' id='word_1_137' title='bbox 314 2812 400 2876; x_wconf 85' lang='lat' dir='ltr'>loliis</span> <span class='ocrx_word' id='word_1_138' title='bbox 424 2812 462 2876; x_wconf 86' lang='lat' dir='ltr'><strong><em>C¹</em></strong></span> <span class='ocrx_word' id='word_1_139' title='bbox 487 2816 649 2890; x_wconf 83' lang='lat' dir='ltr'><strong>tamquam</strong></span> <span class='ocrx_word' id='word_1_140' title='bbox 672 2811 904 2890; x_wconf 82' lang='lat' dir='ltr'>praefationem</span> <span class='ocrx_word' id='word_1_141' title='bbox 921 2831 992 2877; x_wconf 84' lang='lat' dir='ltr'><strong><em>cum</em></strong></span> <span class='ocrx_word' id='word_1_142' title='bbox 1008 2813 1112 2877; x_wconf 85' lang='lat' dir='ltr'>indice</span> <span class='ocrx_word' id='word_1_143' title='bbox 1129 2832 1248 2891; x_wconf 82' lang='lat' dir='ltr'>eorum,</span> <span class='ocrx_word' id='word_1_144' title='bbox 1272 2832 1354 2894; x_wconf 89' lang='lat' dir='ltr'>quae</span> <span class='ocrx_word' id='word_1_145' title='bbox 1377 2815 1408 2877; x_wconf 94' lang='lat' dir='ltr'><strong><em>in</em></strong></span> <span class='ocrx_word' id='word_1_146' title='bbox 1431 2813 1540 2878; x_wconf 86' lang='lat' dir='ltr'>codice</span> <span class='ocrx_word' id='word_1_147' title='bbox 1563 2813 1632 2892; x_wconf 86' lang='lat' dir='ltr'>ipae</span> <span class='ocrx_word' id='word_1_148' title='bbox 1656 2829 1730 2875; x_wconf 86' lang='lat' dir='ltr'>eon·</span> 
     </span>
     <span class='ocr_line' id='line_1_22' title="bbox 187 2898 1799 2997; baseline -0.003 -15"><span class='ocrx_word' id='word_1_149' title='bbox 187 2920 339 2994; x_wconf 80' lang='lat' dir='ltr'>linantur,</span> <span class='ocrx_word' id='word_1_150' title='bbox 363 2913 460 2979; x_wconf 89' lang='lat' dir='ltr'>rubro</span> <span class='ocrx_word' id='word_1_151' title='bbox 484 2915 591 2978; x_wconf 83' lang='lat' dir='ltr'>colore</span> <span class='ocrx_word' id='word_1_152' title='bbox 615 2915 814 2994; x_wconf 79' lang='lat' dir='ltr'>collacripsit,</span> <span class='ocrx_word' id='word_1_153' title='bbox 840 2933 902 2994; x_wconf 85' lang='lat' dir='ltr'><strong><em>que</em></strong></span> <span class='ocrx_word' id='word_1_154' title='bbox 918 2916 1030 2980; x_wconf 73' lang='lat' dir='ltr'>eodeni</span> <span class='ocrx_word' id='word_1_155' title='bbox 1054 2917 1159 2981; x_wconf 86' lang='lat' dir='ltr'>colore</span> <span class='ocrx_word' id='word_1_156' title='bbox 1182 2919 1214 2981; x_wconf 94' lang='lat' dir='ltr'><strong><em>in</em></strong></span> <span class='ocrx_word' id='word_1_157' title='bbox 1240 2918 1310 2997; x_wconf 84' lang='lat' dir='ltr'>ipso</span> <span class='ocrx_word' id='word_1_158' title='bbox 1332 2917 1443 2985; x_wconf 77' lang='lat' dir='ltr'>audica</span> <span class='ocrx_word' id='word_1_159' title='bbox 1466 2934 1541 2996; x_wconf 86' lang='lat' dir='ltr'>pars</span> <span class='ocrx_word' id='word_1_160' title='bbox 1564 2915 1730 2978; x_wconf 80' lang='lat' dir='ltr'>titulorum</span> <span class='ocrx_word' id='word_1_161' title='bbox 1792 2898 1799 2909; x_wconf 77' lang='grc'>’</span> 
     </span>
     <span class='ocr_line' id='line_1_23' title="bbox 187 3016 1732 3099; baseline -0.003 -14"><span class='ocrx_word' id='word_1_162' title='bbox 187 3028 222 3086; x_wconf 85' lang='lat' dir='ltr'><strong><em>et</em></strong></span> <span class='ocrx_word' id='word_1_163' title='bbox 251 3027 398 3084; x_wconf 84' lang='lat' dir='ltr'>notarum</span> <span class='ocrx_word' id='word_1_164' title='bbox 428 3016 651 3096; x_wconf 83' lang='lat' dir='ltr'>marginalium</span> <span class='ocrx_word' id='word_1_165' title='bbox 683 3018 864 3097; x_wconf 77' lang='lat' dir='ltr'>coneminia</span> <span class='ocrx_word' id='word_1_166' title='bbox 893 3023 953 3082; x_wconf 77' lang='lat' dir='ltr'>eat.</span> <span class='ocrx_word' id='word_1_167' title='bbox 998 3020 1103 3099; x_wconf 79' lang='lat' dir='ltr'>Atque</span> <span class='ocrx_word' id='word_1_168' title='bbox 1132 3021 1226 3099; x_wconf 87' lang='lat' dir='ltr'>primi</span> <span class='ocrx_word' id='word_1_169' title='bbox 1257 3020 1384 3099; x_wconf 90' lang='lat' dir='ltr'>quidem</span> <span class='ocrx_word' id='word_1_170' title='bbox 1413 3017 1482 3082; x_wconf 87' lang='lat' dir='ltr'>folii</span> <span class='ocrx_word' id='word_1_171' title='bbox 1504 3018 1620 3098; x_wconf 82' lang='lat' dir='ltr'>pagina</span> <span class='ocrx_word' id='word_1_172' title='bbox 1641 3023 1732 3081; x_wconf 84' lang='lat' dir='ltr'>recta</span> 
     </span>
     <span class='ocr_line' id='line_1_24' title="bbox 188 3119 1798 3202; baseline -0.004 -14"><span class='ocrx_word' id='word_1_173' title='bbox 188 3142 288 3188; x_wconf 89' lang='lat' dir='ltr'>vacua</span> <span class='ocrx_word' id='word_1_174' title='bbox 310 3123 425 3185; x_wconf 86' lang='lat' dir='ltr'>relicta</span> <span class='ocrx_word' id='word_1_175' title='bbox 448 3128 515 3199; x_wconf 77' lang='lat' dir='ltr'><strong><em>est3</em></strong></span> <span class='ocrx_word' id='word_1_176' title='bbox 546 3121 620 3184; x_wconf 89' lang='lat' dir='ltr'>inde</span> <span class='ocrx_word' id='word_1_177' title='bbox 643 3139 662 3184; x_wconf 86' lang='lat' dir='ltr'>a</span> <span class='ocrx_word' id='word_1_178' title='bbox 685 3119 762 3183; x_wconf 84' lang='lat' dir='ltr'>folin</span> <span class='ocrx_word' id='word_1_179' title='bbox 784 3122 886 3200; x_wconf 82' lang='lat' dir='ltr'>prima</span> <span class='ocrx_word' id='word_1_180' title='bbox 910 3139 1001 3186; x_wconf 83' lang='lat' dir='ltr'>verso</span> <span class='ocrx_word' id='word_1_181' title='bbox 1023 3121 1124 3186; x_wconf 87' lang='lat' dir='ltr'>habes</span> <span class='ocrx_word' id='word_1_182' title='bbox 1148 3124 1241 3200; x_wconf 89' lang='lat' dir='ltr'>haec,</span> <span class='ocrx_word' id='word_1_183' title='bbox 1275 3140 1356 3202; x_wconf 92' lang='lat' dir='ltr'>quae</span> <span class='ocrx_word' id='word_1_184' title='bbox 1379 3141 1442 3185; x_wconf 87' lang='lat' dir='ltr'><strong><em>non</em></strong></span> <span class='ocrx_word' id='word_1_185' title='bbox 1464 3139 1557 3186; x_wconf 83' lang='lat' dir='ltr'>secus</span> <span class='ocrx_word' id='word_1_186' title='bbox 1580 3125 1676 3200; x_wconf 79' lang='lat' dir='ltr'>atque</span> <span class='ocrx_word' id='word_1_187' title='bbox 1699 3119 1732 3182; x_wconf 94' lang='lat' dir='ltr'><strong><em>in</em></strong></span> <span class='ocrx_word' id='word_1_188' title='bbox 1792 3170 1798 3183; x_wconf 92' lang='lat'>.</span> 
     </span>
     <span class='ocr_line' id='line_1_25' title="bbox 187 3223 1584 3307; baseline -0.003 -18"><span class='ocrx_word' id='word_1_189' title='bbox 187 3226 290 3307; x_wconf 81' lang='lat' dir='ltr'>ipsius</span> <span class='ocrx_word' id='word_1_190' title='bbox 313 3224 430 3288; x_wconf 85' lang='lat' dir='ltr'>codicis</span> <span class='ocrx_word' id='word_1_191' title='bbox 453 3224 558 3287; x_wconf 81' lang='lat' dir='ltr'>titulis</span> <span class='ocrx_word' id='word_1_192' title='bbox 581 3230 614 3287; x_wconf 85' lang='lat' dir='ltr'><strong><em>et</em></strong></span> <span class='ocrx_word' id='word_1_193' title='bbox 636 3224 722 3287; x_wconf 81' lang='lat' dir='ltr'>notis</span> <span class='ocrx_word' id='word_1_194' title='bbox 744 3223 973 3303; x_wconf 86' lang='lat' dir='ltr'>marginalibus</span> <span class='ocrx_word' id='word_1_195' title='bbox 995 3224 1173 3289; x_wconf 82' lang='lat' dir='ltr'>uncialibus</span> <span class='ocrx_word' id='word_1_196' title='bbox 1195 3225 1315 3290; x_wconf 80' lang='lat' dir='ltr'>litteris</span> <span class='ocrx_word' id='word_1_197' title='bbox 1338 3232 1471 3290; x_wconf 80' lang='lat' dir='ltr'>exarata</span> <span class='ocrx_word' id='word_1_198' title='bbox 1493 3230 1584 3288; x_wconf 83' lang='lat' dir='ltr'>sunt:</span> 
     </span>
    </p>

    <p class='ocr_par' dir='ltr' id='par_1_20' title="bbox 278 3325 985 3405">
     <span class='ocr_line' id='line_1_26' title="bbox 278 3325 985 3405; baseline -0.004 -17"><span class='ocrx_word' id='word_1_199' title='bbox 278 3325 445 3388; x_wconf 83' lang='grc' dir='ltr'><strong><em>1Ἰωάννου</em></strong></span> <span class='ocrx_word' id='word_1_200' title='bbox 469 3326 647 3405; x_wconf 79' lang='grc' dir='ltr'><strong><em>ηρόντισμα</em></strong></span> <span class='ocrx_word' id='word_1_201' title='bbox 670 3328 768 3386; x_wconf 78' lang='grc' dir='ltr'><strong><em>ταῦτα</em></strong></span> <span class='ocrx_word' id='word_1_202' title='bbox 792 3329 845 3385; x_wconf 77' lang='grc' dir='ltr'><strong><em>καλ</em></strong></span> <span class='ocrx_word' id='word_1_203' title='bbox 868 3325 985 3403; x_wconf 87' lang='grc' dir='ltr'><strong><em>πόνος,</em></strong></span> 
     </span>
    </p>

    <p class='ocr_par' dir='ltr' id='par_1_21' title="bbox 272 3427 1033 3510">
     <span class='ocr_line' id='line_1_27' title="bbox 272 3427 1033 3510; baseline -0.004 -19"><span class='ocrx_word' id='word_1_204' title='bbox 272 3428 406 3508; x_wconf 78' lang='grc' dir='ltr'><strong><em>Ἀνδρός</em></strong></span> <span class='ocrx_word' id='word_1_205' title='bbox 428 3427 584 3509; x_wconf 72' lang='grc' dir='ltr'><strong><em>φυγόντος</em></strong></span> <span class='ocrx_word' id='word_1_206' title='bbox 607 3428 716 3509; x_wconf 79' lang='grc' dir='ltr'><strong><em>κλῆσιν</em></strong></span> <span class='ocrx_word' id='word_1_207' title='bbox 739 3427 842 3510; x_wconf 79' lang='grc' dir='ltr'><strong><em>ἄλλην</em></strong></span> <span class='ocrx_word' id='word_1_208' title='bbox 864 3428 1033 3510; x_wconf 84' lang='grc' dir='ltr'><strong><em>δευτέραν·</em></strong></span> 
     </span>
    </p>

    <p class='ocr_par' dir='ltr' id='par_1_22' title="bbox 269 3529 903 3612">
     <span class='ocr_line' id='line_1_28' title="bbox 269 3529 903 3612; baseline -0.005 -17"><span class='ocrx_word' id='word_1_209' title='bbox 269 3531 322 3604; x_wconf 88' lang='grc' dir='ltr'><strong><em>Ὡς</em></strong></span> <span class='ocrx_word' id='word_1_210' title='bbox 344 3529 486 3612; x_wconf 85' lang='grc' dir='ltr'><strong><em>α’σθενῆς</em></strong></span> <span class='ocrx_word' id='word_1_211' title='bbox 506 3529 578 3610; x_wconf 86' lang='grc' dir='ltr'><strong><em>γάρ,</em></strong></span> <span class='ocrx_word' id='word_1_212' title='bbox 601 3530 782 3609; x_wconf 84' lang='grc' dir='ltr'><strong><em>άξιῶματος</em></strong></span> <span class='ocrx_word' id='word_1_213' title='bbox 803 3532 903 3610; x_wconf 81' lang='grc' dir='ltr'><strong><em>βάρος</em></strong></span> 
     </span>
    </p>

    <p class='ocr_par' dir='ltr' id='par_1_23' title="bbox 267 3632 959 3714">
     <span class='ocr_line' id='line_1_29' title="bbox 267 3632 959 3714; baseline -0.004 -17"><span class='ocrx_word' id='word_1_214' title='bbox 267 3638 381 3711; x_wconf 88' lang='grc' dir='ltr'><strong><em>Ὄγκον</em></strong></span> <span class='ocrx_word' id='word_1_215' title='bbox 404 3656 434 3695; x_wconf 89' lang='grc' dir='ltr'><strong><em>τε</em></strong></span> <span class='ocrx_word' id='word_1_216' title='bbox 457 3632 552 3714; x_wconf 80' lang='grc' dir='ltr'><strong><em>δόξης</em></strong></span> <span class='ocrx_word' id='word_1_217' title='bbox 575 3632 633 3712; x_wconf 83' lang='grc' dir='ltr'><strong><em>οόχ</em></strong></span> <span class='ocrx_word' id='word_1_218' title='bbox 655 3633 769 3714; x_wconf 78' lang='grc' dir='ltr'><strong><em>ὑπέστη</em></strong></span> <span class='ocrx_word' id='word_1_219' title='bbox 791 3633 959 3712; x_wconf 74' lang='grc' dir='ltr'><strong><em>βαστάσαι,</em></strong></span> 
     </span>
    </p>

    <p class='ocr_par' dir='ltr' id='par_1_24' title="bbox 271 3735 984 3818">
     <span class='ocr_line' id='line_1_30' title="bbox 271 3735 984 3818; baseline -0.003 -18"><span class='ocrx_word' id='word_1_220' title='bbox 271 3737 356 3800; x_wconf 72' lang='grc' dir='ltr'><strong><em>’Ἀλλ’</em></strong></span> <span class='ocrx_word' id='word_1_221' title='bbox 379 3735 529 3818; x_wconf 86' lang='grc' dir='ltr'><strong><em>εόσταλῆς</em></strong></span> <span class='ocrx_word' id='word_1_222' title='bbox 550 3736 652 3816; x_wconf 78' lang='grc' dir='ltr'><strong><em>ἔμεινε</em></strong></span> <span class='ocrx_word' id='word_1_223' title='bbox 682 3740 735 3796; x_wconf 77' lang='grc' dir='ltr'><strong><em>καλ</em></strong></span> <span class='ocrx_word' id='word_1_224' title='bbox 758 3739 877 3818; x_wconf 83' lang='grc' dir='ltr'><strong><em>φόρτου</em></strong></span> <span class='ocrx_word' id='word_1_225' title='bbox 901 3736 984 3815; x_wconf 88' lang='grc' dir='ltr'><strong><em>δίχα.</em></strong></span> 
     </span>
    </p>

    <p class='ocr_par' dir='ltr' id='par_1_25' title="bbox 276 3839 1003 3924">
     <span class='ocr_line' id='line_1_31' title="bbox 276 3839 1003 3924; baseline -0.006 -18"><span class='ocrx_word' id='word_1_226' title='bbox 276 3847 403 3924; x_wconf 72' lang='grc' dir='ltr'><strong><em>Κοῦιμος</em></strong></span> <span class='ocrx_word' id='word_1_227' title='bbox 427 3840 547 3902; x_wconf 83' lang='grc' dir='ltr'><strong><em>διέπλει</em></strong></span> <span class='ocrx_word' id='word_1_228' title='bbox 570 3843 625 3922; x_wconf 88' lang='grc' dir='ltr'><strong><em>τῆν</em></strong></span> <span class='ocrx_word' id='word_1_229' title='bbox 648 3839 823 3901; x_wconf 88' lang='grc' dir='ltr'><strong><em>θάλασσαν</em></strong></span> <span class='ocrx_word' id='word_1_230' title='bbox 844 3844 900 3907; x_wconf 80' lang='grc' dir='ltr'><strong><em>τοῦ</em></strong></span> <span class='ocrx_word' id='word_1_231' title='bbox 921 3844 1003 3919; x_wconf 81' lang='grc' dir='ltr'><strong><em>βίου,</em></strong></span> 
     </span>
    </p>

    <p class='ocr_par' dir='ltr' id='par_1_26' title="bbox 275 3943 964 4025">
     <span class='ocr_line' id='line_1_32' title="bbox 275 3943 964 4025; baseline -0.003 -17"><span class='ocrx_word' id='word_1_232' title='bbox 275 3950 337 4008; x_wconf 78' lang='grc' dir='ltr'><strong><em>Καὶ</em></strong></span> <span class='ocrx_word' id='word_1_233' title='bbox 358 3949 410 4025; x_wconf 88' lang='grc' dir='ltr'><strong><em>τῆς</em></strong></span> <span class='ocrx_word' id='word_1_234' title='bbox 433 3946 586 4024; x_wconf 76' lang='grc' dir='ltr'><strong><em>προνοίας</em></strong></span> <span class='ocrx_word' id='word_1_235' title='bbox 607 3943 759 4024; x_wconf 86' lang='grc' dir='ltr'><strong><em>έτρόφησε</em></strong></span> <span class='ocrx_word' id='word_1_236' title='bbox 782 3951 837 4024; x_wconf 86' lang='grc' dir='ltr'><strong><em>τῆν</em></strong></span> <span class='ocrx_word' id='word_1_237' title='bbox 859 3946 964 4024; x_wconf 85' lang='grc' dir='ltr'><strong><em>χάριν.</em></strong></span> 
     </span>
    </p>

    <p class='ocr_par' dir='ltr' id='par_1_27' title="bbox 275 4042 987 4125">
     <span class='ocr_line' id='line_1_33' title="bbox 275 4042 987 4125; baseline -0.001 -16"><span class='ocrx_word' id='word_1_238' title='bbox 275 4047 403 4109; x_wconf 79' lang='grc' dir='ltr'><strong><em>Οὐκοῦν</em></strong></span> <span class='ocrx_word' id='word_1_239' title='bbox 430 4046 563 4125; x_wconf 83' lang='grc' dir='ltr'><strong><em>ἄμοιρος</em></strong></span> <span class='ocrx_word' id='word_1_240' title='bbox 585 4050 773 4125; x_wconf 89' lang='grc' dir='ltr'><strong><em>προσθέτων</em></strong></span> <span class='ocrx_word' id='word_1_241' title='bbox 796 4042 987 4125; x_wconf 63' lang='grc' dir='ltr'><strong><em>έπωνόμωνζ</em></strong></span> 
     </span>
    </p>

    <p class='ocr_par' dir='ltr' id='par_1_28' title="bbox 277 4147 931 4237">
     <span class='ocr_line' id='line_1_34' title="bbox 277 4147 931 4237; baseline -0.005 -25"><span class='ocrx_word' id='word_1_242' title='bbox 277 4154 325 4237; x_wconf 87' lang='grc' dir='ltr'><strong><em>Τῆ</em></strong></span> <span class='ocrx_word' id='word_1_243' title='bbox 349 4151 442 4229; x_wconf 79' lang='grc' dir='ltr'><strong><em>κυρίᾳ</em></strong></span> <span class='ocrx_word' id='word_1_244' title='bbox 466 4147 570 4229; x_wconf 85' lang='grc' dir='ltr'><strong><em>κλῆσει</em></strong></span> <span class='ocrx_word' id='word_1_245' title='bbox 593 4149 628 4209; x_wconf 79' lang='grc' dir='ltr'><strong><em>δὲ</em></strong></span> <span class='ocrx_word' id='word_1_246' title='bbox 651 4160 811 4226; x_wconf 79' lang='grc' dir='ltr'><strong><em>κοσμεῖται</em></strong></span> <span class='ocrx_word' id='word_1_247' title='bbox 833 4149 931 4234; x_wconf 84' lang='grc' dir='ltr'><strong><em>μόνη·</em></strong></span> 
     </span>
    </p>
   </div>
   <div class='ocr_carea' id='block_1_2' title="bbox 274 4249 1075 4745">
    <p class='ocr_par' dir='ltr' id='par_1_29' title="bbox 274 4249 980 4539">
     <span class='ocr_line' id='line_1_35' title="bbox 275 4249 945 4336; baseline 0 -20"><span class='ocrx_word' id='word_1_248' title='bbox 275 4254 365 4336; x_wconf 82' lang='grc' dir='ltr'><strong><em>Πλῆν</em></strong></span> <span class='ocrx_word' id='word_1_249' title='bbox 385 4257 415 4313; x_wconf 86' lang='grc' dir='ltr'><strong><em>εί</em></strong></span> <span class='ocrx_word' id='word_1_250' title='bbox 434 4275 478 4322; x_wconf 89' lang='grc' dir='ltr'><strong><em>τις</em></strong></span> <span class='ocrx_word' id='word_1_251' title='bbox 501 4249 598 4313; x_wconf 78' lang='grc' dir='ltr'><strong><em>αὐτὸν</em></strong></span> <span class='ocrx_word' id='word_1_252' title='bbox 620 4252 656 4313; x_wconf 88' lang='grc' dir='ltr'><strong><em>έν</em></strong></span> <span class='ocrx_word' id='word_1_253' title='bbox 680 4256 760 4313; x_wconf 84' lang='grc' dir='ltr'><strong><em>θεοῦ</em></strong></span> <span class='ocrx_word' id='word_1_254' title='bbox 783 4253 945 4325; x_wconf 80' lang='grc' dir='ltr'><strong><em>διακόνοις</em></strong></span> 
     </span>
     <span class='ocr_line' id='line_1_36' title="bbox 277 4354 980 4437; baseline -0.001 -18"><span class='ocrx_word' id='word_1_255' title='bbox 277 4360 415 4429; x_wconf 82' lang='grc' dir='ltr'><strong><em>Τάττων,</em></strong></span> <span class='ocrx_word' id='word_1_256' title='bbox 437 4355 564 4414; x_wconf 74' lang='grc' dir='ltr'><strong><em>ἐκεῖθεν</em></strong></span> <span class='ocrx_word' id='word_1_257' title='bbox 586 4354 714 4430; x_wconf 84' lang='grc' dir='ltr'><strong><em>μείζονα</em></strong></span> <span class='ocrx_word' id='word_1_258' title='bbox 738 4356 848 4437; x_wconf 81' lang='grc' dir='ltr'><strong><em>κλῆσιν</em></strong></span> <span class='ocrx_word' id='word_1_259' title='bbox 872 4361 980 4436; x_wconf 83' lang='grc' dir='ltr'><strong><em>νέμοι,</em></strong></span> 
     </span>
     <span class='ocr_line' id='line_1_37' title="bbox 274 4454 959 4539; baseline 0.001 -17"><span class='ocrx_word' id='word_1_260' title='bbox 274 4461 443 4539; x_wconf 81' lang='grc' dir='ltr'><strong><em>Φέρουσαν</em></strong></span> <span class='ocrx_word' id='word_1_261' title='bbox 465 4454 561 4517; x_wconf 77' lang='grc' dir='ltr'><strong><em>ου’όέν</em></strong></span> <span class='ocrx_word' id='word_1_262' title='bbox 583 4457 627 4528; x_wconf 77' lang='grc' dir='ltr'><strong><em>εἰς</em></strong></span> <span class='ocrx_word' id='word_1_263' title='bbox 650 4457 824 4533; x_wconf 88' lang='grc' dir='ltr'><strong><em>διάγνωσιν</em></strong></span> <span class='ocrx_word' id='word_1_264' title='bbox 848 4459 959 4523; x_wconf 87' lang='grc' dir='ltr'><strong><em>πλέον.</em></strong></span> 
     </span>
    </p>

    <p class='ocr_par' dir='ltr' id='par_1_30' title="bbox 274 4559 1075 4745">
     <span class='ocr_line' id='line_1_38' title="bbox 274 4559 1075 4639; baseline -0.004 -12"><span class='ocrx_word' id='word_1_265' title='bbox 274 4566 318 4627; x_wconf 62' lang='lat' dir='ltr'><strong><em>§a</em></strong></span> <span class='ocrx_word' id='word_1_266' title='bbox 342 4564 371 4624; x_wconf 92' lang='grc' dir='ltr'><strong><em>δ’</em></strong></span> <span class='ocrx_word' id='word_1_267' title='bbox 393 4563 421 4623; x_wconf 88' lang='grc' dir='ltr'><strong><em>εί</em></strong></span> <span class='ocrx_word' id='word_1_268' title='bbox 444 4559 562 4633; x_wconf 84' lang='grc' dir='ltr'><strong><em>θέλεις,</em></strong></span> <span class='ocrx_word' id='word_1_269' title='bbox 584 4562 720 4639; x_wconf 84' lang='grc' dir='ltr'><strong><em>τρίσσευε</em></strong></span> <span class='ocrx_word' id='word_1_270' title='bbox 743 4564 798 4625; x_wconf 85' lang='grc' dir='ltr'><strong><em>τόν</em></strong></span> <span class='ocrx_word' id='word_1_271' title='bbox 819 4567 874 4624; x_wconf 82' lang='grc' dir='ltr'><strong><em>τοῦ</em></strong></span> <span class='ocrx_word' id='word_1_272' title='bbox 901 4562 1075 4625; x_wconf 82' lang='grc' dir='ltr'><strong><em>Κλαυδίου·</em></strong></span> 
     </span>
     <span class='ocr_line' id='line_1_39' title="bbox 274 4661 1061 4745; baseline -0.003 -16"><span class='ocrx_word' id='word_1_273' title='bbox 274 4665 408 4736; x_wconf 81' lang='grc' dir='ltr'><strong><em>Φθόνος</em></strong></span> <span class='ocrx_word' id='word_1_274' title='bbox 430 4667 491 4742; x_wconf 83' lang='grc' dir='ltr'><strong><em>γὰρ</em></strong></span> <span class='ocrx_word' id='word_1_275' title='bbox 515 4661 617 4734; x_wconf 77' lang='grc' dir='ltr'><strong><em>οὐδεὶς</em></strong></span> <span class='ocrx_word' id='word_1_276' title='bbox 639 4669 802 4745; x_wconf 88' lang='grc' dir='ltr'><strong><em>πατρικῶν</em></strong></span> <span class='ocrx_word' id='word_1_277' title='bbox 824 4667 1061 4745; x_wconf 83' lang='grc' dir='ltr'><strong><em>γνωρισμάτων.</em></strong></span> 
     </span>
    </p>
   </div>
   <div class='ocr_carea' id='block_1_3' title="bbox 217 4888 907 4959">
    <p class='ocr_par' dir='ltr' id='par_1_31' title="bbox 217 4888 907 4959">
     <span class='ocr_line' id='line_1_40' title="bbox 217 4888 907 4959; baseline -0.007 -14"><span class='ocrx_word' id='word_1_278' title='bbox 217 4913 227 4945; x_wconf 83' lang='grc' dir='ltr'><strong><em>τ</em></strong></span> <span class='ocrx_word' id='word_1_279' title='bbox 249 4888 400 4959; x_wconf 74' lang='lat' dir='ltr'>descripsit</span> <span class='ocrx_word' id='word_1_280' title='bbox 418 4889 470 4943; x_wconf 82' lang='lat' dir='ltr'><strong><em>hoe</em></strong></span> <span class='ocrx_word' id='word_1_281' title='bbox 489 4906 601 4944; x_wconf 82' lang='lat' dir='ltr'>carmen</span> <span class='ocrx_word' id='word_1_282' title='bbox 624 4889 760 4959; x_wconf 84' lang='lat' dir='ltr'>Belligiua</span> <span class='ocrx_word' id='word_1_283' title='bbox 780 4890 907 4958; x_wconf 73' lang='lat' dir='ltr'>anarde</span> 
     </span>
    </p>
   </div>
   <div class='ocr_carea' id='block_1_4' title="bbox 0 0 2290 6164">
    <p class='ocr_par' dir='ltr' id='par_1_32' title="bbox 0 0 2290 6164">
     <span class='ocr_line' id='line_1_41' title="bbox 0 0 2290 6164; baseline 0 0"><span class='ocrx_word' id='word_1_284' title='bbox 0 0 2290 6164; x_wconf 95' lang='lat' dir='ltr'><strong><em> </em></strong></span> 
     </span>
    </p>
   </div>
  </div>
 </body>
</html>
