4560 6172
495 582 538 647 94

494 753 535 813 ῖν’
556 747 602 825 τός
625 753 751 834 φοῖνιξ*
773 749 982 833 καρποφόρος
1004 746 1163 838 ἀνθὴσὴς.
1185 755 1238 813 καὶ
1259 752 1302 835 μὴ
1326 749 1369 825 ἀς
1390 751 1537 833 κάλαμος
1558 752 1716 833 άκαρπος.
1767 748 1887 823 4οὓτως
1910 749 1965 816 σύν
1986 754 2090 815 ποιεῖν

496 858 549 918 ἐσο
570 877 626 934 μοι
635 856 661 930 *,

908 961 963 1018 καί
982 956 1026 1040 μὴ
1050 957 1158 1021 δοκεῖν
1180 959 1316 1039 ἀριστος,
1338 955 1411 1021 ἀλλ’
1433 958 1518 1021 εέναι
1540 956 1631 1031 θέλε,

493 1064 539 1137 εἰς
559 1064 593 1126 τδ
616 1062 724 1141 βάθος
746 1059 789 1134 οίς
809 1057 951 1139 μάλιστα
981 1063 1104 1142 προῖιδν
1131 1065 1184 1145 τὴς
1212 1059 1424 1136 παιδεύσεως,
1455 1069 1510 1124 καί
1538 1065 1580 1145 μὴ
1603 1062 1639 1136 έξ
1660 1060 1816 1144 ἐπιπολὴς
1836 1060 2011 1141 ἐπιτρέχων
2032 1065 2087 1123 καὶ

492 1168 597 1248 μόνον
630 1164 743 1237 ἀπλῶς
772 1161 1007 1246 ἀφοσιούμενος
1038 1165 1077 1225 τά
1106 1165 1288 1248 μαθὴματα
1319 1168 1397 1226 κατά
1428 1165 1500 1239 τούς
1529 1164 1667 1239 πολλούς
1702 1169 1765 1227 τάν
1801 1164 2004 1230 ἀπαιδεύτων
2034 1168 2088 1226 καί

494 1269 650 1351 ἀμαθῶν,
685 1273 740 1330 ῖνα
768 1270 811 1350 μὴ
845 1265 925 1331 οὕτω
948 1268 1081 1330 σεαυτόν
1104 1266 1240 1331 ἀπατάν
1260 1268 1358 1350 ἐντῷ
1379 1271 1432 1351 τὴς
1454 1269 1607 1352 ἐργασίας
1629 1272 1730 1353 καιρῷ
1753 1271 1773 1352 ἡ
1795 1272 1850 1329 καί
1871 1270 1949 1349 παρ’
1971 1266 2087 1348 ἐτέρων

493 1372 755 1453 ἐξαπατώμενος,
789 1370 899 1458 λάθῃς
921 1369 1049 1450 ὕστερον
1078 1374 1277 1453 θὴσαυρίοας
1303 1369 1443 1452 ἀνέμους
1472 1378 1526 1434 καὶ
1549 1373 1720 1460 σονάὴξὴς*
1749 1382 1818 1446 ταῖς
1838 1377 1943 1452 χερσῖν
2011 1374 2087 1438 113¹

492 1477 670 1556 ἀκαρπίαν.
714 1472 811 1538 δἀλλ’
844 1473 940 1556 ἀπείὴ
974 1496 1009 1549 γε
1038 1476 1126 1538 τοῦτο
1157 1473 1348 1554 πορρωτάτω
1371 1477 1429 1540 σού
1451 1479 1589 1539 καὶτῶν
1611 1480 1693 1551 σάν,
1729 1473 1821 1547 αύτδς
1844 1475 1879 1537 δὲ
1902 1482 1956 1537 καί
1978 1475 2088 1550 δόξεις

493 1579 562 1659 ἅμα
585 1583 639 1640 καὶ
660 1580 765 1653 γένοιο
787 1574 911 1659 έντελὴς
934 1581 988 1637 καί
1010 1575 1142 1654 ἄρτιος*
1164 1582 1236 1657 περί
1258 1580 1382 1652 πάντα,
1412 1584 1465 1639 καὶ
1488 1577 1616 1661 δαψιλὴ
1637 1586 1691 1643 τὸν
1712 1580 1839 1658 καρπόν
1859 1579 1895 1640 ἐν
1916 1584 1959 1661 τῷ
1982 1581 2084 1666 καιρῷ

493 1689 535 1765 τῷ
558 1687 605 1766 σῷ
627 1680 742 1754 δρόσοις
765 1677 807 1753 ἀς
829 1685 863 1743 τὸ
887 1679 1022 1759 δένδρον
1044 1680 1146 1744 έκεῖνο
1169 1684 1203 1744 τό
1221 1682 1417 1765 ψαλμικόν*,
1440 1683 1474 1745 τδ
1498 1684 1588 1764 παρά
1611 1686 1667 1755 τὰς
1688 1682 1854 1757 διεξόδους
1876 1687 1938 1744 τῶν
1959 1680 2086 1748 ὑδάτων

493 1787 740 1869 πεφυτευμένον.

580 1890 673 1956 1721.
702 1908 746 1949 οε.
783 1886 954 1966 ιΔιέφυγεν
977 1883 1059 1966 ἡμᾶς
1081 1883 1141 1968 ἡδο)
1163 1888 1310 1970 θὴραμα,
1334 1888 1360 1947 τό
1382 1890 1435 1969 τὴς
1457 1886 1588 1971 ζημίας.Ι
1616 1894 1670 1950 καὶ
1698 1889 1850 1972 παρῆλθε
1873 1888 1967 1968 φίλος
1988 1886 2084 1971 ἀνὴρ,

492 1993 535 2075 μὴ
564 1991 766 2072 προσειπιόν,
800 1991 844 2072 μὴ
872 1987 1101 2072 προσβλέψας,
1132 1991 1174 2072 μὴ
1205 1992 1418 2071 προσρὴθείς,
1448 1997 1491 2072 μὴ
1522 1988 1643 2073 δφθείς
1664 2029 1708 2040 -
1738 1991 1794 2056 ούκ
1817 1992 1877 2054 οἶδ’
1900 1992 1959 2065 δ,τι
1981 1991 2085 2065 δόξαν

494 2094 588 2179 αύτῷ,
611 2099 666 2157 καί
687 2093 729 2157 δι’
749 2091 859 2176 ἡντινα
881 2090 1057 2175 πρόφασιν.
1102 2093 1212 2175 ’ἡμεῖς
1232 2096 1340 2172 μέντοι
1362 2093 1467 2156 πάλαι
1481 2093 1651 2176 ἡλπίζομεν
1666 2092 1704 2158 ού
1722 2095 1820 2174 φίλον
1833 2099 1944 2158 τοῦτον
1959 2094 2082 2170 ἁπλοῖς,

493 2197 578 2262 ἀλλά
603 2203 656 2260 καί
679 2199 817 2279 ἄρχοντα
842 2196 1015 2271 δέξασθαι,
1038 2201 1093 2257 καὶ
1113 2205 1146 2258 το
1171 2200 1305 2278 πρᾶγμα
1320 2235 1355 2245 -
1381 2201 1450 2269 πῶς
1473 2199 1515 2259 ἀν
1535 2200 1701 2276 είποιςς-
1726 2196 1827 2279 ἡδέως
1848 2206 1903 2259 καὶ
1924 2199 1966 2261 δι’
1983 2199 2084 2278 εύχάν

494 2302 626 2365 ὁπόσων
647 2300 924 2381 προσεδεχδμεθα.
970 2296 1065 2362 8ἀλλ’
1085 2299 1154 2362 ἐπεὶ
1177 2297 1256 2362 ἀνθ’
1278 2297 1369 2380 ἡμῶν
1384 2300 1439 2362 έπῖ
1453 2301 1490 2363 εά
1505 2298 1637 2382 ἡμέτερα
1652 2300 1670 2363 ό
1687 2300 1842 2383 ἡμέτερος,
1865 2302 1903 2368 ού
1918 2303 2083 2377 παντελῶς

492 2405 582 2488 ἡμεῖς
604 2402 736 2483 ἀτυχεῖς,
759 2401 834 2468 ούδέ
856 2402 1051 2482 δυσπραγεῖν
1071 2402 1118 2475 είς
1138 2402 1230 2466 ἀπαν
1251 2400 1427 2486 ἡγούμεθα,
1451 2401 1521 2465 ἀλλ’
1542 2403 1573 2465 εί
1594 2408 1648 2465 καὶ
1672 2408 1726 2467 τοῦ
1740 2410 1866 2486 πρωτου
1883 2411 1946 2469 τῶν
1960 2407 2082 2488 έφετάν

491 2509 738 2595 διὴμάρτομεν*,
771 2506 894 2590 δὴλαδὴ
924 2507 991 2568 κατ’
1021 2505 1175 2589 έπὴρειαν
1197 2511 1251 2567 καί
1273 2507 1407 2587 φθόνον
1427 2512 1482 2573 τοῦ
1504 2511 1662 2591 πονηροῦ,
1696 2506 1782 2570 ἀλλά
1805 2513 1859 2575 τοῦ
1877 2534 1912 2587 γε
1934 2511 2081 2591 δευτέρου

493 2619 555 2677 τάν
586 2611 695 2676 καλῶν
715 2611 758 2693 μὴ
789 2608 1006 2683 διαπεσόντες,
1040 2607 1141 2674 ούκέτι
1164 2609 1310 2688 δεύτερον
1331 2613 1436 2686 τοῦτο,
1467 2609 1552 2673 ἀλλά
1575 2616 1702 2693 πρῶτον
1724 2615 1767 2674 ἀν
1788 2615 1966 2692 τάττοιμεν·
1998 2615 2083 2699 πλὴν

493 2717 565 2782 ἀλλ’
586 2715 641 2780 ἐπὶ
663 2714 763 2778 πλέον
785 2711 964 2776 ἀπόναιντο
986 2715 1038 2796 τὴς
1060 2719 1116 2795 οὴς
1138 2711 1387 2789 καλοκάγαθίας
1412 2712 1444 2777 οἳ
1474 2713 1530 2776 διά
1562 2717 1596 2776 σε
1625 2716 1659 2778 τό
1680 2716 1831 2782 έντεῦθεν
1851 2715 1986 2796 εύινχεῖς
2011 2723 2082 2780 Πα-

493 2818 663 2904 φλαγόνες,
685 2818 739 2890 οὓς
760 2815 821 2899 ἡδιγ
842 2819 1020 2897 μακαρίους
1041 2816 1186 2899 ἡγοῦμαι,
1209 2815 1398 2901 νικήσαντας
1421 2815 1503 2899 ἡμᾶς
1523 2817 1577 2881 ἐπὶ
1599 2822 1663 2894 σοί,
1688 2825 1741 2882 καί
1763 2825 2018 2904 προτιμὴθέντας
2039 2823 2085 2898 είς

492 2927 580 2990 τοῦτο
601 2925 635 2986 τό
658 2922 768 2984 κοινὸν
790 2926 844 2982 καί
866 2919 1088 3005 περιμάὴχὴτον
1111 2919 1253 2996 ἀγαθόν,
1283 2928 1339 3003 τὴν
1369 2922 1427 3004 σὴν
1455 2919 1643 3002 ἀσύγκριτον
1674 2923 1755 3001 λέγω
1777 2924 1938 3008 καλλονὴν
2005 2927 2083 2993 113’

494 3032 549 3092 καί
568 3022 740 3103 εὐσέβειαν.
784 3023 979 3104 4ἐπιμείνας
999 3021 1058 3088 οὖν
1079 3023 1189 3100 πλέον,
1211 3024 1386 3104 ἐταμείνοις
1408 3022 1524 3102 αὐτοῖς,
1547 3033 1601 3088 καί
1623 3027 1668 3101 είς
1684 3029 1882 3111 μακρότερόν
1903 3047 1961 3094 σου
1984 3045 2083 3094 κατα-

492 3130 690 3196 πολαύσειαν
711 3130 764 3211 τὴς
782 3126 862 3193 ούτω
884 3134 1016 3210 χρὴοτὴς
1036 3132 1091 3189 καί
1114 3130 1304 3207 θαυμασίας
1326 3125 1439 3208 ἀρχῆς.

580 3235 671 3302 175.
694 3253 741 3304 ος.
768 3231 903 3295 ι(λαλεῖν
922 3235 983 3313 μὲν
1004 3230 1066 3308 ἐγώ
1088 3232 1161 3305 τούς
1183 3229 1344 3314 ἀδελφοὺς
1365 3229 1422 3297 ούκ
1444 3234 1488 3294 ἀν
1502 3231 1690 3318 ἀρνὴθείὴν,
1711 3236 1753 3296 ῖν’
1767 3234 1834 3298 ἀπὸ
1849 3241 1913 3300 ταῖν
1926 3236 2083 3321 ὑμετέρων

494 3339 537 3413 ἀς
559 3335 613 3400 καί
633 3335 779 3419 ὑμέτερος
800 3339 1063 3420 προοιμιάοωμαι
1085 3339 1166 3417 πρὸς
1186 3335 1356 3424 ἡμᾶςκαὶ
1378 3334 1485 3409 ἄλλως
1504 3339 1565 3415 μέν
1586 3337 1682 3410 ὄντας
1695 3338 1865 3421 φιλεῖσθαι
1880 3343 1969 3423 παρὰ
1984 3347 2084 3407 πᾶσιν

494 3442 621 3520 ἀξίους,
650 3441 723 3522 ἐμοί
745 3439 781 3504 δέ
804 3446 858 3503 καί
879 3439 979 3504 πλέον
1002 3439 1058 3503 διά
1080 3439 1179 3503 πλείω
1200 3440 1239 3502 τά
1263 3439 1391 3513 δίκαια,
1424 3443 1455 3501 εί
1474 3462 1502 3501 τι
1524 3439 1625 3502 πλέον
1647 3440 1729 3519 ε’χειν
1751 3441 1882 3507 διδόατε
1903 3455 1967 3519 τοῖς
1988 3446 2083 3509 διδα.

493 3547 625 3619 στάλαις
646 3544 737 3626 παρὰ
759 3548 830 3618 τοὺς
852 3541 985 3619 ἀλλους,
1020 3548 1074 3604 καί
1094 3542 1223 3624 μᾶλλον
1244 3553 1309 3616 τοῖς
1331 3541 1410 3607 οὕτω
1433 3546 1591 3623 καθαράς
1611 3540 1696 3622 ὑμᾶς
1718 3544 1906 3630 ἀγαπὴσαοι
1928 3557 1982 3610 καὶ
2004 3561 2085 3631 προς

493 3655 548 3714 τόν
569 3654 623 3715 τοῦ
644 3648 744 3713 καλοῦ
766 3646 858 3730 ζὴλον
879 3652 988 3711 τοῦτον
1010 3651 1064 3708 καί
1086 3648 1141 3727 τὴν
1163 3651 1234 3726 περὶ
1257 3648 1294 3707 τὰ
1325 3646 1481 3708 κάλλιστα
1509 3651 1710 3728 προθυμίαν,
1743 3649 1780 3711 ἐν
1809 3648 1855 3721 οίς
1884 3649 1967 3731 ἡμᾶς
1995 3654 2085 3733 ἴσμεν

493 3755 556 3818 τάν
578 3751 709 3816 πολλῶν
730 3750 961 3833 διαφέροντας,
985 3748 1023 3814 οὐ
1045 3748 1174 3832 φαῦλόν
1195 3773 1223 3812 τι
1245 3753 1375 3827 κέντρον
1394 3753 1430 3824 ἐξ
1451 3749 1551 3832 ἀρχῆς
1573 3751 1818 3833 προσβαλοῦσιν,
1841 3751 1939 3837 ρίτάς
1952 3760 2087 3819 οἴκοθεν

494 3856 596 3942 ὁρμάς
625 3853 861 3937 παρασχόντες,
893 3856 948 3913 καὶ
976 3851 1071 3941 ταύτῃ
1103 3852 1204 3915 πλέον
1232 3853 1472 3934 ἐρεθισθέντες,
1505 3855 1551 3928 είς
1578 3858 1612 3919 τδ
1641 3860 1758 3936 μέτρον
1779 3857 1932 3940 ἐδράμετε
1953 3863 2005 3941 τὴς
2027 3862 2085 3925 νύν

494 3963 669 4043 προκοπὴς.
705 3961 752 4042 εῖτ,
783 3955 811 4019 δ’
841 3954 1023 4037 ἀφικέσθαι
1053 3961 1106 4018 καί
1136 3957 1217 4040 πρός
1237 3959 1271 4020 τδ
1295 3961 1414 4038 πέρας,
1447 3958 1477 4020 εέ
1499 3957 1539 4040 δὴ
1561 3963 1614 4019 καί
1636 3958 1679 4022 ἔτι
1700 3959 1842 4023 ἐλλείποι
1864 3985 1892 4025 τι
1915 3964 1990 4044 παρ’
2011 3962 2086 4042 ὑμῖν

493 4071 548 4131 τοῦ
569 4064 698 4128 τελείου.
745 4060 914 4125 ’τοσοῦτον
934 4063 995 4141 μέν
1016 4071 1080 4135 τοῖς
1102 4060 1265 4143 φιλτάτοις
1286 4060 1501 4142 αόταδέλφοις
1520 4064 1555 4124 τδ
1576 4064 1654 4143 παρ’
1675 4061 1774 4145 ἡμῶν.
1804 4065 1833 4126 εί
1855 4065 1891 4128 δὲ
1924 4071 1979 4127 καί
2000 4064 2089 4130 αὐτοὶ

494 4173 550 4232 τὸν
579 4165 684 4231 πάλαι
711 4163 912 4229 διδάσκαλον
941 4161 1072 4248 ἀγαθὴς
1102 4168 1177 4227 ποτὲ
1212 4168 1339 4247 μνὴμὴς
1368 4164 1404 4226 ἐν
1434 4175 1503 4237 ταῖς
1530 4165 1653 4229 έαοιοίν
1684 4178 1806 4246 ψυχαῖς
1835 4166 1996 4245 ἀξιοῦσιν,
2030 4166 2088 4235 οὐκ

494 4271 626 4345 ἀπεικδς
641 4268 723 4349 τάχα
741 4268 794 4343 ἄν,
817 4265 902 4330 ἀλλά
918 4272 972 4330 καὶ
988 4266 1062 4329 λίαν
1074 4267 1169 4341 εἰκός.
1214 4268 1288 4330 ἐἴτ’
1303 4265 1361 4332 ούν
1376 4266 1473 4339 οὕτως
1486 4268 1490 4356 Ι
1503 4271 1562 4331 εἴτε
1577 4275 1630 4330 καί
1646 4269 1763 4345 ἄλλως,
1787 4270 1945 4356 σςόζοισθέ
2012 4273 2089 4339 114¹

494 4399 550 4459 μοι
572 4377 770 4446 πανοικεσία,
794 4376 849 4432 καί
870 4371 978 4456 εέρὴνὴ
1000 4379 1055 4435 καί
1076 4372 1163 4446 ἔλεος
1183 4372 1238 4455 ἐφ’
1260 4369 1345 4451 ὑμᾶς
1365 4394 1396 4435 τε
1417 4379 1472 4435 καί
1493 4376 1532 4436 τά
1554 4371 1697 4453 ὑμέτερα.

584 4481 678 4549 176.
700 4476 743 4552 οζ
768 4472 863 4539 1Κάν
884 4471 995 4562 ὑστερῇ
1017 4481 1055 4539 τὰ
1077 4482 1132 4543 τοῦ
1153 4478 1349 4556 γράμματος,
1373 4475 1460 4539 ἀλλὰ
1482 4480 1520 4540 τά
1543 4481 1595 4560 τὴς
1615 4478 1739 4564 μνὴμὴς
1761 4480 1967 4562 προφθάνει·
1999 4504 2088 4565 μαρ-

494 4594 582 4668 τυρεῖ
599 4607 655 4666 μοι
677 4583 738 4663 γάρ
769 4576 986 4664 ἡσυνείδὴσις
1008 4577 1051 4651 ἀς
1072 4579 1108 4642 ἐν
1128 4586 1208 4668 μέσὴ
1234 4583 1323 4666 ψυχῇ
1350 4579 1405 4643 διά
1433 4585 1553 4654 παντός
1574 4578 1657 4662 ύμάς
1679 4585 1862 4664 περιφέρω,
1894 4590 1948 4647 καί
1965 4606 2091 4669 μνημο-

496 4690 574 4754 νεύω
597 4691 651 4750 καὶ
676 4685 781 4761 λόγων
801 4682 1004 4758 γλυκυτάτων
1024 4681 1154 4746 ἐκείνων
1175 4688 1229 4746 καί
1251 4689 1514 4768 συναναστροφὴς
1527 4687 1690 4765 μακαρίας
1713 4691 1766 4747 καί
1782 4685 1894 4768 φιλίας
1905 4687 2092 4771 εἰλικρινοῦς

569 4847 582 4895 3
602 4828 695 4883 Ρεείαι
714 4826 751 4881 (la
771 4845 798 4894 ¹3
816 4829 821 4894 Ι
836 4845 853 4890 4
869 4826 963 4892 ίττμοι
989 4823 1079 4880 codex
1102 4829 1107 4888 Ι
1132 4845 1149 4890 4
1166 4825 1289 4880 Proverb
1307 4844 1332 4894 9.
1351 4846 1381 4880 ιτ
1400 4827 1586 4899 malagarda
1604 4829 1817 4900 anmerkungen
1837 4849 1867 4897 3ι
1887 4833 1892 4898 Ι
1913 4848 1926 4898 3
1948 4830 2093 4900 Τίαιολίιβ

496 4919 521 4968 3,
542 4917 571 4966 ¹7
587 4905 621 4967 13
641 4899 734 4954 Ριεὶιυ
755 4918 777 4963 τ,
795 4916 809 4965 3
827 4900 832 4964 Ι
848 4916 861 4964 3
880 4895 1063 4967 διιγμάρπμιν
1080 4912 1118 4960 ετ
1134 4897 1323 4968 διιγμάρτυμεν
1339 4899 1373 4953 ut
1390 4897 1505 4954 videtur
1522 4899 1629 4954 factum
1648 4899 1669 4954 0
1689 4900 1861 4954 Studomund
