4560 6172
263 739 347 822 5τῷ
370 741 593 818 προστατοῦνα
614 743 670 802 τοῦ
692 737 791 801 τόπου
814 737 1016 821 στεφηφάρῳ,

313 840 349 913 ὃς
371 840 466 904 ἔνδον
487 840 569 904 ολκεί
589 839 680 923 τῆσδε
699 845 752 922 τῆς
773 839 954 923 ἐκκλησίας·

311 942 351 1005 δι’
373 939 411 1006 ού
432 942 554 1024 τύχοιμι
575 946 628 1026 τῆς
650 941 812 1028 ἀκηράτου
831 944 955 1024 βίβλου,

307 1047 344 1134 κη’
365 1050 445 1127 χειρί
465 1048 519 1108 τοῦ
540 1045 724 1119 πλάσαντος
746 1046 1008 1128 ἐγγεγραμμένος.

223 1250 294 1319 98.
316 1248 373 1321 Είς
395 1251 433 1310 τά
458 1246 548 1313 αὐτά.

268 1353 284 1416 1
311 1347 358 1415 Οῦ
378 1349 483 1414 πολλά
506 1324 577 1432 μέν,
601 1349 749 1433 κράτιστα
773 1352 879 1414 πάντα
902 1350 932 1413 δ’
956 1350 1096 1413 ἐνθάδε·

309 1450 365 1517 οῦκ
387 1455 429 1515 ἀν
450 1453 512 1536 γάρ
534 1452 636 1533 εὕροις
657 1452 801 1532 ἀλλαχοῦ
823 1457 861 1517 τά
882 1452 1004 1534 βελτίω.

309 1554 488 1638 ἐβουλόμην
510 1555 546 1618 δὲ
568 1559 664 1618 ταῦτα
685 1558 745 1637 μὲν
767 1555 883 1631 τύπους
905 1559 1024 1638 μένειν,

310 1654 520 1739 ἀντιγράφων
541 1657 624 1719 ελναι
647 1657 683 1719 δὲ
705 1660 761 1741 την
782 1656 970 1738 ὑπουργίαν.

225 1861 296 1929 99.
319 1860 375 1934 Εἷς
390 1862 434 1923 ΐδ
457 1860 686 1943 διορδωθέντα
708 1861 828 1941 βιβλία.
1648 1846 1792 1928 Βῐθίίίῃῑυ

1615 1934 1679 1986 pars
1704 1917 1766 1971 folu
1791 1936 1824 1981 42

270 1965 285 2026 l
312 1962 423 2044 Καλὴν
446 1963 592 2037 δεδωκάς
612 1975 680 2038 ταῖς
702 1965 823 2043 βίβλοις
844 1962 1031 2046 ὑπουργίαν,
1627 1987 1750 2041 abscissa
1768 1991 1811 2041 est

311 2064 426 2150 Ιαύτδς
447 2069 593 2149 πονηράν
614 2066 840 2147 ἀντιλαμβάνου
862 2073 975 2147 χάριν·
1615 2057 1822 2155 ουνλίτο-ίοίίιιυι

310 2173 373 2232 τάν
395 2172 456 2250 μὲν
477 2171 538 2250 γάρ
561 2169 620 2253 η’δη
642 2173 697 2244 τάς
720 2171 833 2244 νόσους
855 2171 1007 2253 ἰασάμην,
1614 2130 1823 2266 “gntiffltv?

311 2272 372 2348 έγολ
396 2273 432 2335 δὲ
455 2275 622 2356 συντέτηκα
644 2278 697 2335 καί
721 2279 826 2344 κακῶς
846 2275 917 2352 ἔχω,
1632 2271 1686 2322 cat.
1705 2284 1804 2322 manue

269 2375 290 2441 5
312 2376 425 2438 κόπων
446 2376 479 2439 τό
502 2378 594 2457 σῶμα
615 2379 785 2457 συντριβεὶς
806 2374 949 2456 ἀμετρίᾳ.
1615 2339 1709 2463 ἓξὲξ
1725 2354 1822 2473 ἕὲηοῑξζ

311 2477 382 2542 ἀλλ’
404 2477 435 2542 οἶ
456 2483 632 2562 τρυφῶντες
654 2477 690 2542 έν
711 2477 824 2551 πόνοις
845 2476 1022 2559 ἀλλοτρίοις
1643 2478 1793 2548 adscripsit

311 2585 366 2644 καὶ
386 2590 454 2654 ταῖς
476 2582 568 2662 έμαῖς
593 2582 741 2654 πλέοντες
761 2580 853 2645 εῦδια
877 2578 998 2655 ζάλαις,
1616 2549 1823 2690 nffisglffiffl

314 2686 394 2766 πρδς
416 2684 525 2764 κύριον
545 2686 711 2766 μέμνησθε
733 2687 786 2748 τοῦ
807 2682 1005 2765 κεκμηκότος.
1615 2691 1719 2814 meat-i,
1749 2708 1823 2814 quate

1624 2779 1662 2814 nu
1685 2778 1729 2815 ιιιε
1747 2778 1799 2814 τοο

1615 2831 1701 2900 pretii
1727 2830 1823 2884 Stude·

1615 2903 1700 2955 mund

457 2984 628 3075 ΙἸωάννου
650 2990 703 3049 τοῦ
725 2985 902 3065 ἀγιωτάτου
923 2987 1152 3071 μητροπολίτου
1175 2989 1339 3070 Εὗχαίτων
1361 2989 1398 3052 αἲ
1416 2989 1589 3057 ἐπιστολαί.
1765 2990 1824 3055 43¹

316 3181 410 3248 100.
432 3201 464 3243 α.
488 3176 581 3255 ιἘγιι)
604 3176 640 3239 δέ
662 3177 717 3259 την
739 3174 828 3255 ὥραν
850 3172 887 3239 οῦ
909 3178 969 3254 μὲν
990 3172 1047 3240 οῦν
1069 3173 1112 3248 ὥς
1133 3175 1191 3257 ἔαρ
1213 3173 1340 3258 ἑτάρων,
1370 3175 1442 3239 ἀλλ’
1465 3175 1509 3251 άς
1539 3176 1599 3263 ἤδη
1621 3177 1823 3260 μετόπωρον·

229 3281 337 3344 πόθεν
359 3278 415 3346 οῦν
436 3287 505 3343 νυνί
526 3282 608 3363 πρός
629 3281 713 3364 ἡμᾶς
734 3278 845 3360 έαρινη
869 3274 997 3359 ἀηδών,
1035 3277 1091 3342 οὐκ
1114 3277 1171 3341 ἀπ’
1193 3277 1312 3353 ἄλσους
1334 3282 1441 3342 ποθὲν
1462 3278 1530 3343 οὐδ’
1552 3278 1588 3340 έκ
1611 3280 1732 3362 δρυμοῦ
1753 3303 1826 3363 φω-

229 3387 328 3447 νοῦσα
349 3382 527 3465 μακρόθεν,
551 3381 623 3444 ἀλλ’
644 3381 681 3445 έν
702 3387 799 3466 τούτῳ
822 3383 856 3443 τό
880 3380 980 3443 πλέον
1002 3381 1064 3460 ἔχει
1087 3385 1140 3444 τοῦ
1157 3381 1333 3462 θαύματος,
1357 3381 1402 3446 ὅτι
1420 3383 1500 3463 πρός
1517 3379 1614 3456 αῦτάς
1628 3388 1824 3446 πετασθείσα

230 3488 286 3559 τάς
306 3496 413 3567 χεῖρας
434 3488 490 3559 τάς
511 3483 663 3569 ἡμετέρας
670 3532 680 3561 ,
720 3481 874 3547 κάκεῖθεν
895 3483 972 3565 ἡμῖν
992 3484 1106 3566 έαρινά
1130 3483 1326 3561 κελαδοῦσα,
1356 3489 1399 3570 τῷ
1421 3488 1473 3568 τῆς
1494 3490 1644 3567 μουσικῆς
1663 3484 1825 3569 ἢδυμάνῳ

228 3591 284 3662 τάς
306 3589 408 3663 άκοάς
429 3589 566 3667 έγγῦθεν
588 3585 764 3669 κατακηλετ.
817 3585 927 3647 ἳδοκεί
955 3585 984 3648 δ’
1014 3585 1032 3666 ἢ
1063 3585 1170 3649 πάντα
1200 3586 1336 3670 βελτίστη
1367 3592 1436 3671 (ίνα
1458 3611 1486 3649 τι
1507 3588 1621 3668 μικρόν
1642 3594 1696 3650 καί
1717 3611 1826 3670 παρα-

230 3692 474 3776 κομψεύσωμαι)
496 3696 551 3774 την
571 3692 631 3772 μὲν
653 3692 766 3773 φωνην
788 3687 909 3771 ἀηδών,
932 3690 987 3772 τὴν
1010 3689 1046 3752 δὲ
1067 3692 1197 3774 μορφὴν
1219 3688 1368 3768 χελιδάν·
1391 3692 1425 3752 τό
1447 3691 1517 3770 μέν,
1541 3689 1587 3751 ότι
1605 3688 1679 3768 ᾅδει
1697 3690 1826 3770 λιγυρόν

230 3818 258 3858 τι
281 3798 333 3856 καί
355 3794 523 3876 μελιχρόν,
555 3795 589 3856 τό
612 3793 665 3867 δέ,
698 3792 745 3855 ότι
777 3795 927 3872 κέκραται
950 3795 1146 3871 θαυμαστῶς
1167 3814 1236 3865 πως
1256 3794 1312 3875 την
1332 3793 1413 3874 ὄψιν
1433 3792 1469 3864 έξ
1490 3792 1642 3854 έναντίων
1666 3790 1723 3856 δῦο
1743 3815 1827 3873 χρω-

229 3899 355 3979 μάτων·
376 3921 411 3987 τη
434 3898 496 3979 γάρ
519 3896 573 3959 τοῦ
593 3897 713 3977 χάρτου
737 3892 898 3977 λευκότητι
928 3894 961 3956 τό
991 3899 1053 3957 τῶν
1081 3898 1278 3976 γραμμάτων
1306 3893 1409 3975 μέλαν
1437 3894 1609 3976 έμπρέπει,
1641 3897 1721 3955 καθ’
1743 3894 1827 3977 άπερ

231 3998 397 4084 ῦφάσματι
421 4000 559 4081 λαμπρῷ
582 4000 636 4058 καὶ
665 3995 824 4080 διαφανεῖ
850 3996 1040 4072 πολυτελοῦς
1068 3997 1238 4081 πορφύρας
1266 3997 1471 4075 ποικίλματα.
1524 3996 1604 4058 ἐἴτε
1632 3994 1688 4061 οὖν
1718 3995 1828 4079 ἀηδών

230 4104 289 4165 εἴτε
316 4101 451 4181 χελιδοίν
474 4101 491 4182 ἡ
516 4103 673 4164 θεσπεσία
694 4099 814 4182 γραφή,
837 4098 953 4183 ἡδονῆς
974 4101 1079 4182 πάσης
1104 4099 1239 4184 ἔπλησεν
1261 4096 1337 4183 ἧμτν
1355 4103 1411 4182 τὴν
1431 4099 1549 4183 ψυχάν,
1573 4102 1627 4160 καλ
1644 4100 1699 4161 τόν
1714 4102 1828 4181 καιρόν

230 4204 324 4291 ἣΙμάς
345 4205 449 4267 ἔπεισε
472 4204 616 4283 δεύτερον
638 4204 735 4276 όντως
757 4203 815 4283 εἀρ
839 4206 967 4283 νομίσαι
990 4209 1044 4266 καί
1065 4206 1226 4268 πιστεῦσαι
1248 4213 1312 4277 τοϊς
1341 4203 1419 4268 οὕτω
1442 4205 1498 4286 τη“ν
1520 4203 1685 4288 ἰσημερίαν
1768 4205 1827 4271 43²

230 4305 344 4390 ταύτην
366 4308 643 4390 προσαγορεύουσι.
685 4304 787 4385 4τάχα
810 4305 838 4366 δ’
860 4307 903 4368 ἀν
925 4328 988 4368 που
1011 4311 1065 4368 καὶ
1088 4309 1214 4388 πρῶτον
1236 4307 1383 4385 ἄντικρυς
1409 4304 1534 4381 ἔδοξεν,
1569 4306 1599 4367 ελ
1623 4309 1665 4388 μη
1688 4309 1743 4388 τὴν
1764 4307 1829 4385 βά-

232 4426 351 4474 σκανον
366 4407 436 4492 εὗρε
451 4411 629 4492 παροιμίαν
644 4406 884 4491 ἀνθισταμένην
906 4406 949 4481 ὥς
970 4409 1026 4474 οῦκ
1048 4406 1122 4485 ἐξόν
1144 4419 1248 4473 ποιεῖν
1270 4410 1327 4490 ἔαρ
1349 4406 1490 4487 χελιδόνι
1511 4410 1606 4489 μιηῖ*,
1635 4408 1751 4472 έπείτοι
1774 4414 1830 4471 καί

233 4512 382 4595 δευτέρας
411 4512 520 4594 ἑτέρας
549 4510 807 4593 έπεκαταπτάσης
830 4508 926 4599 αὐτῇ,
960 4515 1118 4593 καθαρῶς
1148 4514 1192 4573 ἀν
1218 4511 1294 4594 ἡμῖν
1328 4509 1345 4571 ὁ
1378 4511 1489 4591 καιρός
1517 4510 1693 4592 ἐξενίκησεν
1720 4511 1766 4584 εἰς
1794 4514 1828 4574 τό

232 4619 360 4698 πρῶτον
382 4620 436 4677 καί
458 4617 598 4696 μάλιστα
621 4618 675 4675 καί
697 4612 891 4693 κυριοίτατον
913 4614 988 4696 εἀρ,
1024 4615 1042 4676 ό
1065 4617 1298 4696 πρωτοκαίριον
1320 4613 1422 4691 λέγειν
1443 4623 1508 4686 τοῖς
1528 4613 1661 4687 πολλοτς
1682 4613 1830 4697 σύνηθες.

305 4807 321 4852 4
339 4785 491 4856 Gregorius
516 4785 630 4867 cyprinp
655 4784 787 4839 leidensis
799 4791 819 4866 β
833 4804 861 4852 71
884 4785 1045 4868 Aposssolius
1062 4806 1091 4839 ια
1111 4791 1140 4854 ⁶3
1166 4786 1196 4839 in
1221 4784 1331 4840 Ernesti
1350 4784 1385 4839 de
1403 4784 1523 4839 Leutsch
1542 4801 1656 4854 corpore
1675 4786 1834 4855 paroemio-

233 4859 403 4929 graphorum
420 4857 447 4911 ΙΙ
462 4875 492 4925 79
506 4875 565 4924 531²
592 4855 657 4911 nde
676 4855 819 4910 Leutuohu
843 4856 1040 4911 adnotatlones

1502 4957 1545 5025 ηέί
