4560 6172
352 546 415 609 124
1854 546 1938 614 1⁷0

348 720 402 774 καὶ
432 720 486 780 τοῦ
518 716 616 779 δόλου
639 717 801 789 παντελῶς
824 716 1027 793 άτυχοῦντος,
1061 715 1173 797 α’φορηῖ
1205 721 1285 796 πρὸς
1316 713 1373 796 τήν
1401 719 1486 792 βίον,
1517 721 1571 778 καὶ
1599 716 1642 791 ως
1672 718 1803 794 ἔσχατον
1832 715 1938 778 ὅπλον

347 818 493 899 ἐπιφέρει
516 825 629 901 ταύτην
650 824 693 903 τῳ
715 829 831 907 νικητῇ.
854 821 965 892 αὐτούς
985 821 1063 896 γοῦν
1084 819 1222 891 ἐκείνους
1244 819 1297 892 οῦς
1320 819 1539 896 αἰχμαλώτους
1556 820 1614 900 ήδη
1632 829 1772 898 συνεῖχεν
1794 818 1856 881 ύπδ
1881 820 1937 898 τήν

250 939 254 946 ·
345 918 460 984 ἑαυτοῦ
482 923 672 1000 τυραννίδα,
704 922 949 1004 άντιπαρεξάγει
980 930 1020 1004 τῷ
1045 923 1200 1004 πολεμίῳ,
1237 925 1333 1006 θυμῷ
1355 944 1385 983 τε
1409 923 1613 995 καθοπλίσας
1634 921 1846 1006 άλογωτάτῳ,
1863 997 1865 1003 Ι
1882 928 1939 983 καὶ

348 1023 456 1084 δεινον
486 1023 634 1106 ἡγεῖσθαι
665 1024 914 1106 παρασκευάσας
942 1032 997 1108 τήν
1025 1031 1087 1085 τῶν
1112 1024 1341 1102 βδελυγμάτων
1369 1023 1545 1100 α’πώλειαν,
1575 1026 1626 1107 ἐφ’
1649 1022 1668 1109 ᾗ
1691 1025 1790 1105 δῆλον
1811 1025 1858 1086 ὅτι
1881 1027 1936 1086 τόν

346 1126 515 1208 τολμητίαν
537 1127 601 1189 ἔδει
623 1132 755 1201 παθεῖν,
777 1125 819 1198 ώς
841 1126 947 1199 αι’ποῖς
969 1127 1072 1189 ἐδόκει
1095 1138 1158 1199 τοῖς
1180 1129 1337 1209 άνοήτοις,
1362 1134 1415 1188 καὶ
1432 1128 1602 1206 ὑπομεῖναι
1617 1130 1654 1188 τά
1672 1128 1801 1189 πάντων
1817 1128 1934 1205 ἔσχατα

346 1233 401 1288 καὶ
411 1231 588 1307 βαρύτατα·
613 1229 668 1291 διὰ
685 1234 780 1294 ταῦτα
795 1227 851 1293 οὖν
866 1230 870 1315 1
885 1228 1041 1311 σύλληψις
1055 1229 1151 1302 εὐθὺς
1175 1236 1228 1291 καί
1247 1232 1456 1310 παράστασις,
1479 1230 1533 1294 οῦκ
1550 1230 1726 1312 ἀναβολήν,
1749 1226 1787 1292 οὐ
1856 1231 1930 1293 160¹

347 1334 546 1411 παραίτησιν,
571 1331 626 1395 οὐκ
639 1333 729 1394 ἔλεον
739 1333 956 1412 ἐπιδεχομένη.
1003 1331 1122 1394 18οἷλλά
1134 1337 1196 1415 μην
1208 1332 1277 1397 οὐδ’
1292 1333 1385 1406 αύτδς
1405 1331 1631 1413 ἀπαράσκευος
1646 1334 1699 1395 ἐπὶ
1714 1335 1768 1395 τδν
1783 1332 1932 1394 κίνδυνον

347 1429 430 1514 ήκεν,
454 1432 524 1494 ἄλλ’
547 1435 615 1495 ἐπεὶ
637 1436 692 1516 τήν
715 1436 845 1516 πάλην*
867 1434 951 1517 αὐτῷ
975 1435 1075 1499 οὐκέτι
1098 1437 1177 1516 πρδς
1206 1434 1286 1512 αλμα
1308 1440 1362 1496 καὶ
1385 1437 1488 1515 σάρκα
1511 1435 1609 1498 οὖσαν
1631 1435 1808 1509 ἐγίνωσκεν,
1843 1432 1929 1495 άλλδι

346 1539 426 1614 πρὸς
447 1534 544 1600 αὐτόν
566 1538 687 1598 ἐκεῖνον
717 1538 777 1618 ήδη
806 1539 861 1598 τὸν
888 1540 1026 1615 ἄρχοντα
1049 1541 1104 1602 τοῦ
1128 1543 1273 1612 σκότους,
1306 1540 1361 1599 τδν
1384 1536 1523 1615 ἀόρατον
1544 1539 1666 1617 ἐχθρόν
1689 1545 1741 1597 καὶ
1765 1538 1929 1616 πολέμιον,

343 1645 406 1700 τών
427 1644 487 1719 μὲν
508 1640 561 1700 ἐπὶ
584 1639 674 1721 δίκην
696 1641 875 1703 καλούντων
897 1645 1011 1705 τούτων
1039 1641 1253 1723 ὑπερφρονεῖν
1283 1642 1488 1702 παντάπασιν
1517 1641 1638 1719 ἔκρινεν
1667 1639 1708 1711 ὡς
1732 1644 1811 1719 πρὸς
1833 1635 1930 1702 αὐτόν

344 1741 401 1802 οῦκ
424 1740 622 1819 α’ξιομάχων,
646 1742 692 1804 ότι
714 1746 755 1824 μη
773 1742 919 1806 δύναιντο
935 1746 989 1824 τήν
1003 1742 1112 1826 ψυχήν
1127 1767 1153 1805 τι
1170 1746 1340 1818 κακώσαι*,
1364 1740 1426 1804 κάν
1439 1745 1468 1804 εί
1485 1750 1536 1802 καὶ
1551 1747 1584 1804 τό
1601 1749 1693 1822 σῶμα
1708 1741 1929 1822 σπαράξωσιν,

343 1844 465 1905 ἐκεῖνον
488 1844 523 1904 δέ
537 1844 673 1923 μᾶλλον,
696 1845 828 1920 ἐκεῖνον,
851 1849 958 1906 πάντα
974 1845 1092 1924 τρόπον
1110 1845 1325 1924 μεταδιώκων,
1350 1845 1548 1928 κατάλληλον
1570 1847 1700 1927 τοιούτῳ
1723 1844 1853 1927 πολέμῳ
1875 1849 1929 1905 καλ

343 1949 398 2006 τόν
428 1946 586 2022 ὁπλισμόν
614 1950 817 2024 περιτίθεται.
846 1948 966 2020 ὁπλίζει
989 1949 1024 2011 δὲ
1047 1954 1154 2012 τοῦτον
1178 1950 1307 2021 Παῦλος
1329 1948 1346 2010 δ
1367 1954 1468 2028 μέγας
1498 1954 1665 2031 στρατηγός
1693 1954 1745 2007 καὶ
1769 1945 1927 2029 ἀλείπτης,

344 2049 379 2120 ῦς
402 2049 489 2109 οἶδεν
511 2050 623 2127 ἄριστα
645 2052 714 2120 τοὺς
732 2054 866 2129 Χριστοῦ
888 2052 1077 2130 στρατιώτας
1099 2055 1179 2130 πρὸς
1199 2056 1253 2132 την
1275 2054 1380 2133 μάχην
1394 2051 1508 2132 ταύτην
1521 2062 1648 2131 κοσμεῖν
1664 2056 1718 2110 καὶ
1733 2051 1928 2114 συντάσσεινι

342 2159 395 2232 τῆς
425 2151 623 2232 δικαιοσύνης
645 2156 698 2212 τόν
721 2154 878 2231 θώρακα*
900 2160 1029 2236 κοίτην
1051 2155 1306 2235 περικεφαλαίαν
1328 2151 1452 2214 ἐνδύων
1476 2158 1530 2217 τοῦ
1555 2158 1716 2233 σωτηρίου,
1738 2157 1792 2214 τὸν
1808 2154 1928 2231 θυρεόν

343 2276 374 2314 τε
397 2263 449 2335 της
471 2257 599 2325 πίστεως
622 2259 674 2313 καῖ
696 2259 750 2335 τήν
771 2257 936 2334 μάχαιραν
957 2261 1011 2319 τοῦ
1032 2258 1208 2335 πνεύματος
1223 2255 1408 2334 ἐγχειρίζων,
1431 2255 1526 2317 όέσιι
1543 2255 1629 2337 ῥῆμα
1645 2260 1734 2320 θεοῦ.
1780 2254 1928 2327 19τούτοις

325 2353 402 2417 ὀῦν
424 2367 488 2428 τοῖς
510 2355 621 2428 ὅπλοις
643 2360 696 2415 καὶ
719 2352 807 2429 οὗτος
828 2359 897 2418 άντὶ
919 2363 981 2418 τόν
1004 2357 1166 2444 συήνήθων
1188 2360 1403 2440 φραξάμενος,
1425 2360 1532 2420 εἴσεισι
1554 2358 1679 2434 μᾶλλον
1702 2360 1781 2440 η’περ
1851 2358 1927 2422 160²

343 2459 517 2532 εἰσάγεται,
552 2463 605 2517 καὶ
638 2463 677 2539 τῷ
707 2458 875 2544 δικαστικῷ
905 2465 1093 2539 παρίσταται
1116 2461 1232 2543 βήματι
1255 2468 1311 2525 σῦν
1336 2461 1454 2544 ῦψηλῳ
1476 2466 1529 2522 καὶ
1550 2462 1659 2545 γαύρῳ
1682 2461 1862 2543 φρονήματι
1884 2460 1927 2534 ὡς

343 2561 530 2643 κεκλημένος
552 2562 601 2622 ἐπ’
624 2560 761 2638 ἄριστον,
792 2560 849 2641 οὐχ
879 2565 921 2635 ὡς
947 2565 1000 2624 ἐπὶ
1030 2568 1131 2643 κρίσιν
1155 2563 1301 2644 η’γμένος·
1332 2565 1427 2636 οῦτως
1448 2562 1568 2638 εὐγενὲς
1591 2569 1644 2623 καὶ
1666 2561 1851 2626 άδούλωτον
1872 2569 1927 2623 καὶ

344 2665 420 2743 παρ’
443 2661 523 2728 αὐτοὶ
546 2664 583 2724 τά
605 2664 695 2727 δεινά
718 2668 751 2727 τδ
774 2669 827 2749 τής
848 2670 953 2747 ψυχῆς
974 2665 1074 2748 ἐτήρει
1096 2669 1300 2750 παράστημα.
1345 2666 1372 2705 ²⁰
1380 2673 1449 2739 πώς
1463 2670 1505 2727 όν
1519 2664 1573 2730 ὑπ’
1585 2667 1667 2744 ὄψιν
1688 2665 1763 2747 ύμῖν
1785 2668 1927 2749 ἐναργοῦς

345 2768 583 2847 παραστήσαιμι
605 2770 660 2830 τδν
681 2769 792 2844 άγώνα
814 2770 946 2843 ἐκεῖνον,
980 2769 1018 2830 ῦν
1040 2770 1212 2851 ἐκρότησαν
1233 2771 1359 2846 άγγελοι
1383 2776 1436 2832 καί
1458 2770 1654 2848 ἐθαύμασαν
1677 2770 1850 2849 ἅνθρωποι
1873 2776 1926 2830 καὶ

344 2870 494 2950 δαίμονες
508 2873 655 2952 ἔφριξαν,
677 2867 781 2944 *οὗτος
804 2870 821 2934 ὁ
843 2876 932 2933 θεῶν
953 2869 1120 2952 α’λιτήριος,
1143 2872 1160 2934 δ
1185 2876 1286 2955 κριτής
1307 2878 1360 2956 τῆς
1382 2873 1518 2946 α’δικίας,
1543 2873 1623 2934 ἰδών
1644 2869 1743 2944 εύθῦς
1765 2874 1925 2953 ἐκεκράγει

346 2969 444 3047 Οὗτος
465 2972 482 3036 δ
505 2975 662 3058 τολμήσας
683 2977 783 3037 ἐκεῖνο
806 2982 838 3036 τι)
861 2979 943 3054 μέγα
966 2979 1019 3035 καὶ
1042 2976 1148 3037 δεινόν
1177 2978 1338 3058 τόλμημα·
1369 2981 1397 3039 τί
1427 2997 1475 3038 σοι
1506 2980 1602 3040 ταῦτα
1609 3023 1619 3049 ,
1650 2976 1850 3055 ταλαίπωρες
1887 2979 1925 3050 τί,

347 3076 497 3156 Θεόδωρε
519 3077 664 3160 δύστηνε,
688 3081 715 3140 τί
737 3079 859 3139 παθών
880 3080 908 3138 τί
930 3083 983 3138 καί
1005 3076 1180 3157 δέδρακας·
1203 3079 1342 3162 »*ζηλών
1363 3079 1503 3162 ἐζήλωσα
1523 3083 1565 3162 τῷ
1589 3081 1706 3160 κυρίῳ(
1731 3077 1747 3138 δ
1771 3081 1823 3160 τῆς
1845 3077 1925 3160 άλη-

344 3183 439 3252 θείας
470 3184 591 3258 μάρτυς
620 3182 675 3244 σῦν
704 3183 864 3263 παρρησίᾳ
893 3184 966 3242 »καὶ
996 3183 1066 3253 τοῦς
1095 3182 1231 3263 ἐχθρούς
1258 3183 1380 3245 ἐκείνου
1412 3183 1569 3244 καθεῖλον
1598 3177 1624 3262 ᾧ
1654 3180 1762 3264 τρόπῳ
1792 3181 1926 3255 δυνατός

343 3286 489 3359 γέγοναι.
513 3284 574 3353 *τίς
596 3283 631 3343 δὲ
654 3279 742 3354 οὗτος
763 3282 780 3345 ὁ
804 3281 927 3363 κόριοςς
953 3281 972 3365 η’
995 3305 1069 3359 που,
1092 3287 1215 3362 μάταιε,
1240 3291 1293 3347 καὶ
1316 3289 1351 3350 σύ
1373 3285 1545 3357 Γαλιλαῖος
1551 3313 1563 3361 ,·
1596 3284 1691 3367 δηλοῖ
1709 3288 1769 3365 μὲν
1791 3282 1850 3347 οῦν
1872 3288 1926 3345 καὶ

344 3388 377 3447 τό
400 3387 501 3464 ἔργον.
523 3387 740 3464 *ιχριοτιανύς
761 3386 821 3460 ἐγώ
845 3386 981 3464 μάλλον,
1006 3384 1030 3446 ώ
1055 3388 1272 3466 φιλολοίδορε·
1296 3388 1380 3450 άλλδ
1404 3394 1491 3452 τοῦτο
1515 3393 1572 3451 νῦν
1583 3387 1679 3462 ἔγνως
1685 3416 1696 3464 3
1720 3390 1808 3468 ήκαῖ
1823 3388 1926 3449 πάλαι

342 3489 514 3563 γινώσκων,
528 3494 584 3550 νῦν
597 3488 743 3575 είρωνεύη
751 3515 782 3565 ,·‹
796 3489 910 3564 *ἔγνως
923 3491 965 3549 ἄν
977 3489 1035 3571 ἤδη
1048 3496 1101 3550 καὶ
1115 3489 1220 3564 αύτός,
1231 3492 1433 3576 ἐήναγέστατε,
1447 3492 1476 3553 εί
1487 3492 1548 3567 ἐγώ
1563 3492 1791 3569 προεγνώκειν·
1849 3492 1924 3554 161¹

345 3599 401 3656 νῦν
424 3593 454 3653 δ’
476 3591 569 3673 ήνίκα
591 3594 745 3668 γινώσκω,
768 3591 877 3666 γνώτω
902 3595 954 3650 καὶ
977 3590 1066 3664 οὗτος
1080 3600 1135 3673 την
1150 3599 1303 3675 ταχίστην,
1327 3590 1485 3674 ώδήμιοι.
1533 3593 1644 3667 21εἶπε,
1668 3599 1721 3653 καὶ
1744 3591 1840 3657 αύτοῦ
1862 3613 1925 3655 που

344 3698 424 3773 πρὸς
446 3697 555 3757 κίονα*
578 3694 685 3766 δεθεὶς
706 3693 723 3755 ὁ
747 3692 905 3768 γεννάδας
936 3693 1030 3777 (πηγή
1054 3693 1089 3755 δὲ
1112 3699 1168 3758 νῦν
1192 3699 1370 3773 θαυμάτων
1392 3694 1409 3756 δ
1433 3700 1511 3758 κίων
1531 3707 1595 3768 τοῖς
1615 3697 1816 3777 Ἅμασεῦσιν)
1839 3694 1926 3769 ἐξοί-

344 3819 411 3858 νετο
434 3797 556 3869 πολλὰς
579 3796 739 3877 άφειδῶς,
775 3806 825 3856 καὶ
856 3794 886 3856 οἱ
919 3800 1025 3875 ξεσμοί
1057 3796 1099 3857 δι’
1129 3796 1251 3876 ὀνύχων
1280 3787 1440 3872 ὀξυτάτων
1469 3804 1531 3860 τών
1563 3801 1597 3861 ἐκ
1627 3798 1759 3878 σιδήρου
1789 3796 1840 3860 οία
1863 3808 1927 3870 τοῖς

342 3897 476 3977 α’νόμοις
497 3899 627 3971 ἐκείνοις
648 3904 728 3961 κατὰ
751 3904 812 3960 τών
834 3894 970 3975 εύσεβών
991 3907 1028 3960 τά
1051 3903 1290 3982 βασανιστήρια.
1338 3901 1448 3974 2λὶτέως
1476 3906 1536 3981 μέν
1565 3900 1623 3966 οῦν
1652 3901 1730 3974 ζέων
1752 3906 1849 3985 θυμῷ
1872 3906 1926 3962 καὶ

342 4013 406 4074 τοῖς
427 4000 539 4064 ἑαυτοῦ
562 4007 652 4073 θεοῖς
673 4025 703 4063 τε
727 4007 778 4061 καὶ
802 4002 950 4077 δαίμοσιν
979 4001 1102 4081 άμῦναι
1132 4003 1411 4082 φιλοτιμούμενος,
1444 4002 1680 4083 α’πανθρώπως
1702 4004 1764 4082 εἶχε
1787 4007 1866 4082 πρός
1888 4007 1928 4065 τά

342 4103 507 4186 δρώμενα,
541 4109 594 4165 καὶ
616 4109 671 4187 τήν
692 4109 790 4186 φύσιν
812 4103 867 4167 οὐκ
892 4104 1046 4187 ᾤκτειρεν,
1080 4104 1149 4169 οὐδ’
1179 4106 1208 4166 εί
1232 4106 1276 4188 μή
1306 4129 1334 4168 τι
1357 4131 1391 4184 γε
1414 4107 1513 4180 ἄλλο,
1546 4106 1724 4185 ἄνθρωπος
1747 4108 1927 4187 ἄνθρωπον

342 4211 471 4282 αλκίζειν
495 4210 654 4270 διενοεῖτο.
692 4207 916 4288 συνηγανάκτει
939 4207 975 4268 δὲ
997 4213 1051 4268 καλ
1072 4208 1106 4270 τδ
1131 4212 1287 4287 θέατρον,
1319 4209 1354 4272 ἐκ
1384 4208 1489 4292 πάσης
1519 4208 1642 4291 ἡλικίας
1677 4216 1729 4271 καὶ
1751 4213 1842 4292 τύχης
1864 4211 1930 4273 ἐκεῖ

342 4314 639 4394 συγκεκροτημένον,
674 4318 726 4371 καὶ
756 4308 798 4380 ώς
820 4312 996 4389 κακοῦργον
1025 4311 1078 4370 τόν
1105 4308 1231 4371 δίκαιον
1252 4314 1289 4372 τά
1314 4319 1376 4374 τών
1398 4314 1582 4392 κακούργων
1604 4311 1706 4394 ήδέως
1726 4313 1838 4389 ἔβλεπε
1861 4315 1928 4374 πά-

341 4433 464 4494 σχοντα.
487 4412 555 4474 ἐπεὶ
578 4413 606 4474 δ’
627 4412 672 4485 είς
694 4412 846 4491 άμετρίαν
867 4408 885 4493 ἦ
909 4412 1040 4483 κόλασις
1061 4411 1226 4487 ἐξέπιπτεν
1250 4415 1308 4496 η’δη
1331 4418 1373 4498 τῷ
1392 4414 1525 4498 σφοδρῷ
1544 4438 1573 4474 τε
1589 4415 1658 4493 ἅμα
1675 4420 1728 4475 καί
1742 4417 1786 4500 τῷ
1800 4419 1925 4499 χρονίῳ,

342 4522 395 4578 καὶ
417 4528 481 4589 τοῖς
502 4519 562 4594 μὲν
584 4527 728 4596 κρουνοῖς
753 4519 814 4576 τών
835 4511 980 4593 αἶμάτων
1002 4515 1033 4575 τδ
1057 4513 1266 4596 ύποκείμενον
1287 4516 1378 4580 ἅπαν
1399 4516 1445 4589 είς
1467 4517 1659 4601 πλημμύραν
1682 4517 1843 4597 ἐλίμναζε,
1874 4527 1927 4580 τόν

342 4698 386 4749 θεέ
405 4695 433 4747 in
453 4694 474 4748 0
496 4692 683 4759 δίκότοικοδΙ
701 4698 729 4744 18
745 4692 838 4760 Ephes
850 4695 875 4752 ⁶,
889 4709 918 4742 ιτ
934 4691 939 4755 Ι
956 4693 984 4741 18
1004 4689 1096 4745 Matth
1113 4712 1149 4755 10,
1162 4696 1192 4744 28
1208 4697 1213 4755 Ι
1231 4698 1259 4745 18
1279 4693 1340 4761 Eph
1359 4696 1491 4759 6,14—17
1508 4694 1513 4758 Ι
1529 4712 1560 4745 20
1578 4691 1592 4743 δ
1611 4692 1705 4762 ἅρχων
1724 4692 1756 4746 0¹
1774 4692 1803 4745 in
1823 4711 1903 4763 marg
1923 4693 1928 4762 Ι

342 4783 373 4816 ιο
399 4765 413 4817 ὁ
438 4762 517 4834 ἅγιος
542 4764 576 4818 0²
601 4766 629 4818 in
648 4781 728 4832 marg
744 4765 749 4829 Ι
765 4782 796 4816 το
815 4760 829 4812 ὃ
848 4762 941 4830 ἄρχων
959 4759 993 4814 0¹
1011 4761 1041 4816 in
1059 4781 1140 4834 marg
1156 4765 1161 4829 Ι
1177 4782 1208 4815 το
1226 4763 1241 4814 δ
1261 4763 1339 4833 ἅγιος
1357 4762 1421 4832 [εἰσ]
1442 4763 1475 4818 0²
1493 4765 1521 4817 in
1536 4781 1616 4832 marg
1632 4763 1636 4833 Ι
1652 4783 1683 4816 20
1702 4762 1716 4814 ὁ
1736 4763 1829 4833 ἄρχων
1848 4764 1882 4819 0¹
1901 4765 1931 4819 in

341 4852 423 4906 marg
442 4833 447 4906 ή
467 4856 495 4889 21
515 4838 593 4888 κίονα
613 4834 655 4897 0¹,
673 4838 744 4886 κίονι
761 4833 795 4888 0⁹
815 4830 986 4885 Studemund
