4560 6172
197 571 283 638 100
1707 553 1766 620 131

197 737 282 823 λόγω
303 741 357 799 καὶ
378 739 421 822 τῷ
443 733 606 819 συλλόγῳ·
632 732 683 795 δεῖ
707 734 768 814 γάρ
797 731 852 795 τδν
884 733 1038 814 ἀφθονον
1067 734 1122 806 τάς
1149 731 1229 812 πρδς
1250 724 1447 811 ἀνθράπους
1468 727 1641 809 εὐεργεσίας
1661 725 1768 808 δαψι-

195 843 340 925 λεστέρως
362 838 494 919 ἀπέχειν
516 843 570 899 καὶ
591 838 646 908 τός
667 836 814 901 ἐντεῦθεν
835 833 1040 916 εὐχαριστίας.
1060 837 1094 898 τό
1118 835 1225 916 παρδν
1245 839 1304 912 μὲν
1326 831 1384 899 οὐν
1407 835 1574 913 ἄθροισμα
1595 832 1629 894 ἐκ
1652 831 1770 903 παντδς

194 949 313 1018 ἔθνους
335 942 395 1028 ἤδη
415 944 529 1024 μικροῦ
551 944 614 1004 τῶν
635 939 688 1005 ὑπ’
710 938 850 1019 οὐρανόν
871 940 950 1015 ἐστι,
979 945 1034 1000 καὶ
1055 939 1215 1022 συνῆλθεν
1236 938 1379 1002 ἐνταῦθα
1401 940 1546 1001 τοσοῦτον
1568 935 1695 1017 πλῆθος
1716 936 1769 995 καὶ

195 1049 366 1131 συνεχύθη,
388 1045 464 1109 ὥστε
485 1048 542 1128 την
564 1043 665 1119 δόξαν
687 1048 740 1108 τοῦ
762 1044 860 1106 τόπου
881 1048 935 1108 τοῦ
957 1043 1049 1118 ἀγίου
1064 1042 1154 1109 τοῦδε
1175 1042 1367 1104 θεάσασθαι
1389 1046 1444 1101 καὶ
1457 1043 1512 1122 την
1526 1037 1770 1112 ἐπισκιάζουσαν

194 1152 347 1236 ἐντούτῳ
369 1149 466 1231 χάριν
489 1154 543 1211 καὶ
565 1148 703 1228 δύναμιν
727 1148 897 1225 θαυμάσαι
928 1152 981 1208 καλ
1010 1145 1207 1227 ἀνυμνησαι·
1241 1144 1259 1227 ἢ
1290 1143 1391 1227 ἡμέρα
1421 1143 1457 1207 δέ
1485 1146 1636 1226 σύνθημα
1664 1147 1771 1205 κοινόν

196 1268 260 1330 τοῖς
282 1261 510 1335 συντρέχουσιν,
532 1252 577 1326 ελς
598 1252 688 1332 τιμὴν
711 1249 874 1312 ἀνέκαθεν
896 1250 1020 1332 ἐτησίαν
1043 1249 1235 1331 ἀνακειμένη
1254 1254 1296 1329 τῷ
1317 1247 1469 1330 μάρτυρι,
1499 1247 1628 1320 καὶτὰς
1650 1246 1771 1319 πολλάς

197 1359 356 1440 μυριάδας
376 1359 491 1431 ταύτας
512 1357 567 1430 τάς
589 1352 754 1435 ὁρωμένας
775 1353 891 1415 ὡσανεί
913 1375 957 1426 τις
977 1353 1108 1433 εὔσημος
1129 1351 1267 1426 σάλπιγξ
1289 1355 1343 1411 καλ
1364 1347 1551 1431 διαπόρστος
1569 1349 1623 1413 ἐπὶ
1637 1354 1671 1411 ιδ
1687 1372 1768 1430 μαρ-

197 1464 323 1543 τυρικδν
345 1467 399 1524 καὶ
420 1459 513 1537 ἀγιον
533 1461 622 1523 τούτο
645 1463 770 1535 τέμενος
792 1456 1001 1532 συγκαλοῦσα.
1040 1453 1056 1518 ό
1086 1455 1121 1518 δέ
1152 1456 1246 1531 λόγος
1274 1454 1388 1518 ἀαυτδν
1416 1457 1497 1535 πρδς
1529 1456 1567 1517 τό
1598 1458 1770 1537 πράγματα

199 1567 270 1649 διχῆ
293 1567 437 1647 διαιρῶν,
466 1565 553 1627 τοῦτο
582 1565 641 1638 μὲν
669 1561 738 1634 τούς
760 1559 923 1641 παρόντας
946 1557 1153 1641 φιλοφρόνως
1175 1557 1347 1633 ἀσπάζεται
1369 1569 1423 1624 καλ
1446 1560 1450 1647 ί
1474 1558 1629 1634 δεξιοῦται
1696 1560 1776 1625 172¹

200 1671 273 1732 λίαν
295 1668 406 1751 ἢδέως,
429 1671 482 1727 καλ
503 1669 556 1747 τῆς
576 1662 731 1743 εὐσεβείας
755 1663 865 1735 αὐτοὺς
887 1669 939 1723 καὶ
962 1667 1032 1743 περὶ
1053 1666 1090 1723 τά
1114 1663 1197 1724 καλά
1216 1668 1400 1743 προθυμίας
1415 1664 1616 1745 ἀξιοπρεπῶς
1631 1664 1771 1726 ἐπαινεῖ·

198 1776 287 1838 τοῦτο
310 1772 345 1834 δὲ
367 1774 420 1831 καὶ
442 1774 485 1852 τῷ
506 1769 640 1848 μάρτυρι
660 1771 782 1847 βραχέα
805 1774 856 1827 καὶ
881 1771 936 1830 νῦν
959 1773 1010 1849 τῆς
1023 1763 1179 1848 εὐφημίας
1198 1765 1385 1847 ἀπάρχεται,
1408 1767 1692 1848 στενοχωρούμενος
1712 1773 1772 1850 μὲν

200 1878 346 1949 ἐπιεικῶς
367 1878 409 1958 τῷ
432 1875 549 1954 καιρῷ,
581 1869 752 1952 ἐπειδήπερ
775 1870 911 1945 ἀνέσεως
933 1869 1028 1934 αὐτόν
1051 1867 1082 1933 ολ
1103 1871 1217 1933 πολλοὶ
1238 1877 1292 1933 καὶ
1319 1870 1357 1935 οὐ
1379 1871 1519 1954 σπουδῆς
1539 1872 1600 1954 ἤδη
1621 1876 1771 1949 τίθενται,

202 1980 435 2062 ἀφοσιούμενος
458 1975 487 2038 δ’
509 1973 594 2052 ὅμως
617 1971 651 2035 ἐκ
674 1978 736 2035 τόν
757 1977 924 2054 παρόντοιν
946 1973 988 2047 ὠς
1009 1975 1107 2049 ἔξεστι
1128 1978 1184 2058 την
1204 1975 1343 2058 μεγάλην
1364 1973 1486 2058 ἡμέραν
1506 1981 1617 2060 ταύτην
1645 1982 1699 2040 καὶ
1719 1979 1773 2061 τήν

201 2082 369 2146 ἀπόθεσιν.
414 2075 511 2150 ’ίάλλ
532 2075 715 2154 ἀνάσχεσθέ
736 2102 762 2140 τι
782 2081 896 2158 μικρδν
919 2082 955 2166 τῇ
976 2076 1128 2158 ἀκροάσει
1150 2082 1367 2161 χαρίσασθαι,
1398 2085 1441 2164 τῷ
1470 2080 1505 2142 δὲ
1536 2080 1620 2165 λόγῳ
1643 2079 1772 2165 σφόδρα

201 2185 326 2268 μελήσει
348 2185 514 2261 συντομίας
536 2185 589 2241 καὶ
609 2178 722 2258 τάχους
726 2230 741 2265 ,¹
766 2187 820 2242 ἵνα
842 2186 895 2242 καὶ
917 2180 1012 2254 αὐτός
1034 2180 1110 2263 ὐμίν
1130 2182 1176 2256 είς
1199 2182 1273 2245 δέον
1294 2180 1543 2266 άνττχαρίσηται,
1573 2184 1774 2266 ἐπειγόμενός

201 2312 232 2351 τε
255 2290 333 2369 πρδς
360 2286 447 2358 τέλος
475 2291 530 2348 καλ
561 2287 720 2366 προσεχάς
747 2284 895 2348 ἐντεῦθεν
923 2281 1107 2364 ἀρχόμενος.
1139 2284 1157 2368 ἢ
1181 2284 1260 2368 ἀρχὴ
1284 2286 1320 2348 δὲ
1341 2289 1483 2369 τοιαύτη·
1517 2286 1585 2350 ἀπὸ
1609 2292 1691 2362 θέας
1712 2294 1773 2372 γὰρ

203 2393 340 2470 ἔρχεται,
373 2393 427 2450 καὶ
455 2393 509 2474 την
539 2387 664 2472 η’δίοτην
692 2389 775 2468 ὄψιν
805 2388 925 2470 ἐκείνην
955 2393 1016 2450 τῶν
1037 2385 1193 2470 ὑμετέρων
1215 2393 1430 2473 σκηνωμάτων
1451 2396 1506 2452 καὶ
1527 2394 1588 2453 τάν
1610 2392 1774 2458 ἐπαύλεων

205 2491 371 2575 λστορησας
392 2493 524 2570 ἔναγχος
544 2493 780 2573 ἐπιφθέγγεται.

292 2595 364 2670 8Ὡς
384 2595 477 2658 καλοί
498 2613 554 2658 σου
576 2594 607 2659 ολ
629 2594 720 2670 οίκοι,
738 2592 858 2674 Ἰακώβ,
882 2591 917 2655 αἱ
939 2600 1050 2679 σκηναί
1071 2615 1137 2670 σου,
1158 2595 1292 2679 Ἰσραήλ,
1315 2596 1388 2659 ὐσεὶ
1402 2599 1506 2660 νάπαι
1519 2599 1710 2676 σκιάζουσαι,
1733 2600 1775 2675 όις

207 2700 395 2782 παράδεισοι
422 2700 477 2762 ἐπὶ
504 2701 665 2780 ποταμοῖν,
695 2697 770 2762 όισεὶ
796 2696 902 2777 κέδροι
932 2701 1010 2781 παρ’
1031 2699 1160 2765 ὕδατα*.
1190 2699 1316 2774 ταύταις
1345 2703 1406 2781 γάρ
1435 2711 1504 2774 ταῖς
1536 2714 1661 2785 φωναῖς
1688 2703 1775 2767 ολδεν

206 2806 335 2868 ἀνωθεν
363 2807 396 2866 τδ
427 2805 551 2882 πνεῖ-μα
580 2805 688 2885 κυρίου
715 2804 769 2864 τδν
797 2800 909 2865 ἑαυτοῦ
940 2802 1020 2865 λαδν
1042 2803 1247 2879 δεξιοῦσθαι,
1273 2803 1277 2889 ί
1300 2804 1336 2866 ἐν
1358 2804 1489 2885 στόμασι
1512 2806 1632 2870 λαλοῦν
1698 2811 1775 2875 173ι

208 2911 378 2991 προφητῶν
401 2906 438 2972 οὐ
457 2908 558 2987 μόνον
579 2907 714 2979 οἰκείων,
748 2905 818 2967 ἀλλ’
841 2904 901 2988 ἤδη
923 2910 978 2968 καὶ
999 2906 1176 2989 ἀλλοτρίων
1198 2910 1363 2990 περιουσία
1385 2908 1550 2988 δυνάμεως
1571 2915 1625 2972 καλ
1645 2914 1774 2994 χρηστό-

208 3034 293 3096 τητος
315 3011 459 3095 πλούτῳ,
490 3008 528 3076 οὐ
554 3009 680 3089 μᾶλλον
702 3009 738 3071 έν
760 3008 896 3092 ῥήμασιν
918 3012 938 3092 ἢ
958 3011 994 3072 ἐν
1017 3011 1181 3091 πράγμασι
1203 3011 1461 3096 διαφαινομένην,
1491 3010 1545 3094 ὐφ’
1568 3009 1605 3078 οὗ
1624 3015 1660 3076 τά
1682 3019 1776 3079 τέκνα

208 3117 294 3179 Σιοίν
315 3113 393 3180 οὕτω
417 3114 519 3177 πάλαι
541 3138 572 3176 τε
593 3118 646 3175 καλ
668 3117 725 3177 νῦν
746 3112 941 3197 ἐπληθύνθη
963 3120 1016 3176 καὶ
1038 3118 1118 3197 πρὸς
1139 3117 1287 3198 τοσαύτην
1316 3114 1461 3179 ἐπίδοσιν
1489 3121 1543 3178 καὶ
1569 3118 1670 3193 δόξαν
1697 3142 1777 3199 προ-

208 3218 319 3301 ῆλθεν,
342 3215 385 3291 ὥς
406 3217 553 3282 τοιούτων
574 3219 737 3297 τυγχάνειν
759 3219 833 3296 παρ’
855 3217 976 3280 ἐκείνου
997 3221 1060 3280 τόν
1081 3218 1259 3299 ἐγκωμίων,
1291 3218 1345 3282 ἐπὶ
1372 3229 1436 3290 τοϊς
1457 3219 1559 3302 ἔργοις
1580 3222 1674 3289 αὐτοῦ
1696 3225 1775 3287 κατά

208 3326 242 3387 τὸ
261 3323 495 3404 γεγραμμένον*
516 3318 786 3403 εὐφραινομένων,
817 3324 870 3380 καλ
891 3319 934 3393 ὥς
955 3320 990 3383 έν
1012 3320 1094 3411 ἀρχῇ
1115 3325 1167 3404 τη”ς
1189 3320 1392 3405 δημιουργίας
1411 3326 1489 3403 μετὰ
1510 3325 1564 3386 τδν
1579 3322 1777 3406 ἀπαρτισμδν

209 3426 427 3498 ἐπαινοῦντος,
450 3430 504 3487 καὶ
526 3425 608 3486 καλά
632 3424 723 3485 λίαν*
746 3426 912 3505 κρίνοντος.
957 3424 1104 3508 *τοιαύτη
1125 3429 1184 3506 μὲν
1207 3424 1263 3491 οὖν
1285 3425 1303 3508 ἡ
1325 3427 1400 3509 παρ’
1422 3424 1511 3508 ἡμῶν
1533 3429 1779 3514 προσαγόρευσις

210 3533 289 3610 πρδς
311 3529 456 3602 ἅπαντας
483 3527 564 3609 ὑμᾶς
591 3528 659 3601 τούς
687 3518 859 3608 μακρόθεν,
889 3527 941 3603 οὓς
970 3528 986 3612 ἦ
1016 3533 1107 3612 χάρις
1136 3532 1308 3613 συνήγαγεν
1335 3530 1381 3603 είς
1408 3533 1444 3592 ἐν
1465 3531 1544 3612 παρ’
1564 3531 1639 3614 η’μίν
1661 3534 1696 3595 ἐκ
1717 3541 1779 3597 τῶν

208 3639 314 3715 μερῶν
336 3633 488 3696 ἁπάντων
509 3635 561 3714 τῆς
583 3632 776 3715 οἰκουμένης,
800 3637 853 3692 καί
876 3635 1024 3716 τοσαύτης
1045 3633 1178 3717 η’ξίωσεν
1199 3633 1355 3717 εὐφημίας
1376 3631 1445 3713 ἅμα
1467 3639 1519 3695 καί
1541 3634 1694 3713 εὐλογίας,
1717 3636 1780 3721 ἥτις

209 3736 269 3821 η”δη
291 3742 344 3798 καλ
365 3739 448 3820 μόνη
470 3739 564 3820 (θεοῦ
584 3739 646 3815 γάρ
668 3741 721 3797 καὶ
745 3737 835 3821 θεία)
859 3741 938 3798 πᾶσι
960 3740 1086 3812 πάντως
1108 3738 1232 3822 ἀρκέσει
1255 3740 1334 3819 πρδς
1361 3739 1394 3801 τδ
1425 3742 1588 3821 καθῆκον·
1620 3746 1654 3804 τό
1676 3740 1705 3805 δ’
1726 3743 1779 3806 έν-

208 3844 321 3905 τεῦθεν
342 3838 358 3902 δ
382 3839 481 3917 ἀγιος,
504 3842 557 3922 ἐφ’
580 3841 618 3902 ἀν
641 3837 716 3921 ὑμῖν
736 3865 753 3921 η
778 3839 857 3922 ὁρμη
881 3847 935 3903 καὶ
957 3841 975 3925 ἦ
999 3845 1205 3923 πανταχόθεν
1234 3844 1424 3918 συνέλευσις,
1455 3854 1576 3921 γενεαίς
1602 3853 1718 3920 γενεῶν
1745 3847 1781 3923 ἐξ

208 3944 332 4027 ἡμερῶν
354 3943 497 4025 ἀρχαίων
517 3945 562 4017 είς
584 3944 675 4024 δεύρυ
698 3943 946 4029 σπουδαζομένη,
977 3945 1014 4011 οὐ
1034 3952 1093 4026 μέν
1114 3945 1170 4013 οὖν
1191 3946 1314 4024 ἀλόγως
1335 3947 1399 4014 υύδ’
1421 3949 1466 4021 είς
1490 3949 1591 4023 κενόν,
1621 3948 1706 4012 α’λλά
1728 3957 1782 4013 καὶ

210 4049 283 4111 λίαν
306 4049 310 4135 ί
334 4047 389 4112 σὺν
419 4049 503 4131 λόγῳ
534 4055 586 4109 καὶ
614 4051 690 4130 μετά
722 4048 871 4128 λαμπράς
899 4055 969 4121 οίας
999 4057 1052 4111 καὶ
1080 4051 1339 4129 μεγαλοπρεποῦς
1365 4054 1417 4134 τῆς
1438 4056 1638 4133 προφάσεως.
1705 4055 1782 4121 173²

212 4146 324 4226 5ούτος
345 4153 406 4233 γάρ
429 4151 446 4213 ὁ
469 4151 504 4213 ἐν
525 4151 659 4234 μάρτυσι
683 4150 849 4236 διαβόητος
872 4160 925 4214 καί
947 4151 1111 4231 ἀοίδιμος,
1134 4153 1152 4217 δ
1175 4157 1244 4228 τούς
1264 4156 1420 4236 μεγάλους
1440 4156 1565 4229 ἀθλους
1587 4156 1708 4232 ἀνύσας
1730 4165 1783 4222 καλ

209 4263 264 4329 τάς
285 4256 426 4336 μεγάλας
450 4258 539 4328 νίκας
560 4252 735 4338 ἀράμενος,
768 4254 784 4316 δ
815 4256 957 4332 δοξάσας
985 4262 1065 4321 θεὸν
1092 4269 1157 4332 τοϊς
1176 4259 1289 4324 ἑαυτοῦ
1308 4259 1414 4339 μέλεσι
1437 4264 1490 4321 καλ
1511 4263 1672 4334 παντοίοις
1691 4269 1783 4345 χαρί-

210 4379 327 4440 σμασιν
348 4358 591 4433 άντιδοξασθελς
613 4358 667 4422 ὐπ’
690 4358 795 4432 αὐτοῦ,
818 4358 835 4421 δ
859 4364 952 4442 μέχρι
973 4366 1034 4441 μὲν
1055 4363 1201 4426 θανάτου
1220 4364 1276 4445 την
1297 4366 1377 4443 πρὸς
1399 4362 1494 4429 αὐτὸν
1515 4361 1643 4446 ἀγάπην
1664 4365 1784 4431 ἐπιδει-

208 4468 363 4542 ξάμενος,
396 4459 578 4535 ἀθανάτοις
608 4460 643 4523 δὲ
674 4473 777 4542 τιμαῖς
806 4465 882 4545 παρ’
912 4464 1007 4528 αὐτοῦ
1038 4472 1090 4527 καὶ
1119 4465 1253 4543 δωρεαῖς
1275 4463 1444 4549 ἀκηράτοις
1465 4466 1501 4529 ἐν
1521 4466 1648 4551 οὐρανῷ
1670 4475 1724 4531 καὶ
1744 4476 1783 4559 γῇ

210 4566 438 4648 φιλοτιμηθείς,
463 4560 499 4630 οὐ
522 4571 575 4626 καὶ
598 4563 614 4647 ἢ
638 4565 699 4648 ζωη
722 4565 836 4649 ζηλωτῇ
859 4576 912 4628 καὶ
937 4572 1027 4650 παρά
1051 4573 1150 4632 πᾶσιν
1174 4567 1381 4651 άπόβλεπτος,
1403 4576 1456 4632 καλ
1476 4570 1494 4633 ό
1512 4573 1654 4644 θάνατος
1669 4578 1784 4655 τίμιος*

209 4667 246 4736 οὐ
267 4671 369 4750 μόνον
389 4671 533 4732 ἐναντίον
555 4673 678 4749 κυρίου,
709 4668 795 4732 ἀλλά
819 4677 872 4732 καλ
894 4673 1039 4735 ἐναντίον
1061 4670 1260 4756 ἀνθρώπων,
1291 4675 1327 4748 ός
1348 4675 1384 4737 ἐν
1404 4673 1573 4757 ἀριστείαις
1595 4677 1698 4740 πάλαι
1719 4678 1784 4742 διε-

279 4839 292 4888 3
313 4820 355 4876 ΟΝ
374 4819 435 4903 περὶ
452 4819 493 4882 τῆς
511 4819 683 4903 πανηγύρεως
703 4820 872 4875 δίαδωιιιιοδ
899 4827 904 4889 Ι
929 4843 942 4891 3
960 4824 1034 4878 Num
1053 4844 1092 4892 24,
1110 4843 1123 4892 5
1144 4829 1178 4886 έΙ
1194 4844 1207 4892 3
1227 4824 1319 4879 Psalm
1338 4843 1373 4893 ργ
1391 4843 1419 4891 31
1436 4826 1441 4888 Ι
1457 4844 1470 4892 3
1490 4823 1580 4880 Genea
1600 4845 1621 4892 1,
1640 4845 1667 4894 3¹
1685 4827 1691 4895 Ι
1711 4846 1724 4895 5
1744 4827 1786 4884 0³¹

208 4889 270 4960 περὶ
286 4891 338 4944 τῶν
356 4909 399 4943 τοο
418 4889 500 4960 ἁγίου
519 4894 736 4964 κατορθωμάτων
755 4893 975 4966 Studemund15
996 4897 1087 4951 Psalm
1106 4915 1145 4967 ρει
1163 4901 1178 4950 6

1427 4998 1503 5069 17*
