4560 6172
275 704 356 766 ὅθεν
379 702 545 782 διδαχθείς
568 701 611 774 ὡς
632 701 732 763 κακόν
753 701 845 783 λιμός
864 707 956 785 μέγα,

232 812 253 874 5
276 808 389 886 άρόευε
411 811 466 890 τὴν
487 811 562 888 γῆν,
578 811 631 866 καὶ
652 805 689 866 τά
712 808 768 888 γης
791 805 855 891 ζῷα
877 811 990 890 τρέφε·

275 911 396 998 χρηζεις
417 914 535 991 τροφῆς
556 912 617 989 γάρ
641 913 696 970 καί
716 912 754 973 σῦ
775 922 839 984 τοῖς
860 912 970 984 ἄλλοις
992 917 1055 974 ίσα.

191 1123 257 1188 18.
281 1120 337 1191 Είς
358 1119 413 1200 την
434 1117 513 1177 κατά
536 1115 591 1178 τόν
613 1116 706 1192 άγιον
729 1118 861 1182 Παῦλον
890 1122 943 1177 καί
965 1119 1021 1179 τόν
1042 1117 1267 1197 Χρυσόπομον
1288 1111 1439 1195 ἱστορίαν.

235 1225 250 1287 1
277 1225 368 1296 Σίγα,
392 1218 508 1295 θεατά,
530 1225 584 1280 καὶ
604 1221 725 1301 βραχῦν
745 1232 855 1301 μεῖνον
876 1221 1000 1302 χρόνον,

274 1325 387 1407 μήπως
408 1325 544 1412 ταράξης
564 1330 620 1406 την
640 1324 742 1406 καλην
764 1329 943 1399 συνουσίαν,

275 1435 327 1490 καὶ
350 1428 500 1516 ζημιοίσης
522 1427 641 1506 κόσμον
661 1427 797 1500 ἐνθέους
818 1427 945 1502 λόγους·

276 1533 311 1608 έξ
333 1530 468 1613 οὐρανοῦ
490 1534 550 1610 γάρ
574 1532 644 1609 άρει
665 1533 791 1604 τούτους
812 1536 864 1593 τοῦ
886 1534 987 1612 τρίτου
1111 1536 1115 1543 ’

234 1642 255 1704 5
279 1637 342 1720 η’κει
365 1635 499 1715 κομίζων
525 1635 651 1708 Παῦλος
672 1633 924 1718 αλθεροόρόμος·

276 1752 356 1804 κινεῖ
376 1740 411 1802 δὲ
433 1751 522 1820 χεῖρα
544 1744 624 1818 πρός
644 1744 770 1823 γραφῆς
792 1738 967 1820 ὑπουργίαν

277 1846 460 1927 οἰκουμένης
483 1845 516 1906 τό
540 1847 665 1922 θαῦμα,
688 1846 722 1906 τό
744 1846 879 1924 χρυσοῦν
901 1847 1010 1923 στόμα.

279 1949 371 2031 ζήλου
391 1954 425 2010 τὸ
446 1948 560 2010 λοιπόν
581 1948 620 2008 ῦν
642 1950 703 2028 πρὸ
725 1952 787 2010 τῶν
811 1951 923 2029 θυρῶν
946 1947 1081 2023 βλέπεις,

279 2052 373 2134 τούτῳ
395 2073 426 2112 τε
447 2050 652 2130 συνθαύμαζε
674 2055 728 2112 καί
750 2054 957 2133 σνγιιαρτέρει.

194 2263 259 2329 lli.
280 2259 336 2331 Εἰς
357 2261 410 2320 τόν
432 2257 524 2333 όγιον
545 2257 780 2339 Χρυσόστομον.

238 2367 254 2428 1
274 2366 315 2426 Ἤ
331 2364 478 2439 γλῶσσαν
499 2357 598 2443 εῦρὼν
620 2365 680 2442 πῦρ
703 2366 873 2442 πνέουσαν,
896 2362 1051 2445 ζωγράφε,

277 2467 380 2550 μόνην
402 2464 542 2549 α’φῆκας,
564 2462 752 2547 εὐλαβηθεὶς
773 2467 827 2548 την
850 2466 972 2548 φλόγα,Ι

197 2604 199 2609 >
279 2574 299 2655 ἢ
321 2572 427 2633 πάντα
449 2569 573 2649 τολμῶν
596 2570 810 2651 προσγράφοις
832 2574 885 2630 καὶ
906 2571 939 2632 τό
963 2569 1100 2651 φλέγονς

187 2711 192 2719 -
280 2680 333 2737 καὶ
355 2677 528 2756 φθέγγεται
549 2676 609 2753 μὲν
630 2677 684 2734 καί
704 2673 798 2735 λαλεῖ
817 2677 1028 2754 παραινέσεις,

239 2776 348 2846 5άλλ’
369 2777 451 2839 έστίν
473 2777 671 2858 ἰσχνόφωνος
692 2777 726 2851 ἐξ
749 2776 880 2849 ἀσιτίας.

281 2882 359 2961 έμόν
380 2882 414 2943 τό
437 2881 563 2943 λείπον·
587 2878 706 2960 οὐγὰρ
729 2879 781 2954 οῦς
803 2879 1016 2962 παρεσχόμην.

282 2990 340 3050 νῦν
360 2983 416 3051 οῦν
436 2983 583 3063 ῦποσχιόν
604 2984 766 3064 γνιόσομαι
787 2988 815 3046 τί
835 3006 890 3064 μοι
912 2984 1003 3061 λέγει.

279 3092 397 3170 βαβαί·
420 3099 632 3171 καταφρονεῖν
651 3111 691 3168 με
712 3091 820 3150 πείθει
842 3093 895 3152 τοῦ
916 3091 998 3168 βίου.

198 3299 271 3386 115.
286 3298 342 3369 Είς
362 3298 416 3359 τόν
438 3296 530 3371 ἅγιον
552 3292 726 3378 Γρηγόριον
747 3298 801 3357 τόν
825 3296 989 3371 θεολόγον.
1233 3298 1267 3360 8¹

240 3406 256 3467 1
285 3406 325 3464 Τί
346 3421 394 3462 σοι
416 3400 450 3462 τό
473 3400 606 3464 σύννουν
627 3399 752 3480 βλέμμα
774 3400 929 3478 βούλεται,
953 3399 1050 3482 πάτερ
1057 3427 1069 3477 ,·

162 3493 167 3503 ’
282 3508 383 3579 λέξειν
404 3529 431 3567 τι
453 3509 565 3564 καινόν
586 3502 713 3589 έκβιαζη
734 3526 789 3582 μοι
807 3501 906 3582 τάχα·

283 3609 351 3672 ἀλλ’
375 3605 430 3673 οῦκ
453 3610 495 3669 τίν
515 3607 631 3687 εῦροις·
665 3611 732 3668 πᾶν
753 3613 813 3689 γάρ
836 3606 1025 3686 άνθροίποις
1047 3610 1140 3682 ξένον

281 3711 457 3793 ἐγνώρισαν
479 3710 666 3793 φθάσαντες
689 3707 719 3773 ολ
741 3715 790 3772 σοί
811 3733 865 3792 μοι
887 3712 985 3788 λόγοι.

196 3922 261 3991 16.
283 3920 338 3993 Είς
359 3921 413 3981 τόν
433 3919 533 3997 μέγαν
555 3917 733 3979 Βασίλειον.

241 4027 254 4088 l
279 4023 462 4103 Ἐπιπρέπει
483 4043 527 4094 τις
550 4025 738 4099 σεμνοποιὸς
760 4019 897 4103 ὤχρότης

282 4127 317 4201 έξ
339 4127 518 4204 ἐγκρατείας
540 4129 581 4208 τῷ
605 4129 696 4206 σοφῷ
720 4124 913 4210 διδασκάλῳ.

282 4227 353 4291 ἀλλ’
374 4230 403 4291 εί
426 4226 553 4310 λαλήσει
576 4226 645 4313 (ζῆν
667 4228 755 4289 δοκεῖ
774 4230 834 4309 γάρ
857 4235 910 4290 καὶ
931 4229 1053 4315 τόπος),

282 4334 382 4415 τρυφὴ
405 4333 438 4395 τό
459 4335 579 4412 χρῆμα,
603 4329 775 4413 φαιόρόιης
797 4337 850 4392 καί
872 4333 1048 4415 τερπνότης.

241 4439 262 4503 5
283 4436 396 4500 οὐκοῦν
416 4439 454 4498 τά
476 4435 561 4517 χείλη
584 4437 662 4515 πρός
685 4434 797 4511 λόγους
820 4438 906 4511 κίνει,
933 4440 1042 4516 πάτερ,

281 4545 350 4614 τοῦς
372 4545 424 4602 καὶ
447 4542 559 4610 λίθους
583 4538 776 4614 θέλγοντας·
799 4537 883 4601 άλλοὶ
905 4543 948 4623 μη
971 4541 1042 4621 λέγε

281 4647 363 4726 α’περ
387 4644 549 4706 διδάσκων
569 4644 615 4717 εἰς
637 4647 846 4727 συναίσθησιν
865 4645 969 4719 άγεις·

282 4750 410 4813 δάκνειν
431 4749 491 4830 γάρ
514 4746 581 4810 οίόε
603 4754 710 4823 ταῦτα,
733 4752 794 4810 κάν
815 4748 907 4836 στάζη
928 4750 1011 4829 μέλι,
1595 4725 1788 4868 {mmm}

284 4856 351 4926 τοῦς
373 4852 474 4916 έλιιεσι
495 4856 664 4933 βρόοντας·
687 4851 722 4927 ἐξ
744 4848 789 4915 ὦν
811 4855 982 4938 στυγνότης,
1595 4888 1639 4922 211
1662 4869 1761 4925 Beokii
1896 4872 1899 4877 '

1458 4982 1477 5043 2
