4560 6172
216 533 299 600 101
900 546 905 556 '
1277 578 1280 589 .
1747 528 1808 592 141

217 701 255 763 ίκ
280 703 344 763 τόν
372 699 482 783 άκραν
509 702 563 783 τής
591 704 647 784 γής
676 698 720 773 ὥς
746 696 814 762 α’πδ
843 696 1049 781 συνθήματος
1078 699 1123 772 είς
1150 703 1186 762 ἓν
1207 700 1333 780 ’χωρίον
1363 699 1509 764 ἐνταῦθα
1541 700 1725 783 καταφανὲς
1754 700 1809 760 καί

218 802 412 870 εὐσύνοπτον
444 807 524 866 καθ’
555 802 638 887 άπερ
666 805 711 878 είς
733 805 842 865 κοινόν
864 803 1060 879 καταγώγιον
1083 800 1213 885 ἁπάσης
1233 808 1287 886 τής
1307 803 1504 887 οἰκουμένης.
1530 803 1607 888 αὕτη
1629 803 1738 876 πόλεις
1756 805 1812 864 καί

220 907 327 989 χοόρας
349 912 403 970 καί
424 908 531 992 φυλάς
553 907 704 990 άπείρους
726 908 837 970 έθνόν
857 907 903 980 είς
922 906 1038 990 ἑαυτήν
1069 906 1276 987 ὑποδέχεται,
1309 908 1349 982 ἃς
1380 908 1426 982 είς
1455 908 1564 991 χεῖράς
1593 928 1643 972 σοι
1672 907 1812 971 δέδωκεν

221 1010 348 1098 άρρήτῳ
376 1015 514 1095 προνοίᾳ
544 1012 562 1076 δ
592 1011 780 1079 ύπατάσσων
808 1012 863 1074 τδν
893 1010 975 1073 λαόν
1003 1029 1060 1074 σου
1088 1009 1151 1074 ύπό
1183 1021 1235 1087 σέ,
1268 1010 1350 1075 λαόν
1376 1009 1420 1085 ὥς
1448 1009 1582 1095 άληθῶς
1603 1016 1811 1096 περιούσιον*,

226 1115 357 1199 σφόδρα
384 1115 515 1200 σφόδρα
543 1117 815 1201 πεπληθυσμένον
843 1114 887 1189 ὣς
910 1116 915 1202 Ι
944 1118 1017 1190 τούς
1045 1114 1180 1196 α’στέρας
1208 1119 1263 1182 τοῦ
1289 1113 1429 1197 ούρανοῦ
1458 1122 1512 1177 καὶ
1541 1114 1586 1191 ὡς
1612 1118 1667 1201 τήν
1734 1121 1811 1186 190ι

223 1222 350 1302 ἅμμον*
371 1223 427 1303 τήν
448 1222 538 1300 παρά
561 1221 595 1283 τό
616 1221 720 1301 χείλος
739 1226 792 1304 τῆς
813 1221 995 1304 θαλάσσης,
1023 1222 1058 1283 ἑκ
1080 1220 1289 1304 παντοδαπῆς
1310 1217 1433 1303 ήλικίας
1455 1225 1736 1305 συγκεκροτημένον
1757 1229 1812 1286 καὶ

221 1325 329 1409 τύχης,
362 1325 407 1400 είς
429 1324 609 1408 διαφόρους
631 1324 725 1400 α’ξίας
745 1348 777 1387 τε
806 1330 861 1386 καί
889 1326 993 1401 τάξεις
1023 1328 1272 1407 συντεταγμένον
1293 1362 1333 1371 -
1356 1323 1550 1405 μοναδικοὺς
1580 1331 1634 1387 καί
1662 1327 1812 1407 μιγάδας,

222 1429 315 1513 ίερείς
335 1435 389 1491 καί
411 1430 480 1501 τούς
502 1430 637 1505 ἔξωθεν,
659 1431 728 1503 τούς
749 1431 785 1492 έν
806 1429 885 1492 τέλει
907 1435 961 1491 καί
983 1433 1055 1503 τούς
1076 1428 1211 1509 κοινούς,
1234 1432 1307 1503 τούς
1328 1434 1380 1513 τῆς
1400 1429 1562 1504 πολιτείας
1581 1436 1699 1515 καίτής
1718 1451 1813 1515 στρα-

222 1539 321 1609 τείας,
350 1532 484 1609 εύγενείς
511 1557 542 1596 τε
571 1539 625 1596 καί
655 1532 830 1610 δυσγενεῖς,
861 1535 1109 1616 πλουσιωτέρους
1137 1539 1191 1596 καὶ
1213 1537 1424 1616 πενεστέρους,
1445 1537 1517 1608 τούς
1538 1535 1573 1597 ἐν
1596 1532 1736 1625 ύπεραχή
1757 1541 1811 1598 καί

221 1640 293 1714 τούς
314 1639 444 1722 ήττονας
472 1677 507 1689 -
541 1643 595 1699 καὶ
617 1638 697 1699 καθ’
718 1637 849 1713 ἑαυτούς
868 1643 927 1719 μὲν
949 1641 1073 1715 πάντας
1093 1639 1236 1721 ἐντίμους
1258 1644 1312 1702 καὶ
1332 1639 1512 1724 τηλικαύτης
1534 1638 1634 1723 α’ρχής
1655 1640 1811 1726 ὑπηρέτας

222 1742 282 1807 αόκ
305 1741 467 1819 άναξίαυς,
490 1742 704 1823 έντιμοτέραυς
725 1742 762 1806 δὲ
783 1743 883 1807 πλέον
905 1743 961 1806 διά
982 1748 1037 1827 τήν
1060 1747 1119 1827 σήν
1129 1744 1297 1822 βασιλείαν
1317 1749 1372 1805 καί
1392 1746 1448 1828 τήν
1468 1745 1619 1808 ἐντεῦθεν
1640 1744 1685 1819 είς
1706 1744 1810 1809 άπαν-

223 1871 279 1921 τας
300 1845 571 1930 ύπερεκχυθείσαν
594 1846 860 1929 φιλανθρωπίαν,
890 1847 947 1931 ὑφ’
979 1845 1015 1931 ής
1037 1850 1117 1910 καθ’
1138 1847 1270 1933 ἑκάστην
1301 1850 1355 1936 (ἵν’
1384 1849 1482 1922 οὕτως
1501 1849 1596 1936 είπω)
1625 1851 1774 1933 περικλυζ
1793 1890 1811 1904 -

220 1975 329 2032 μενοι,
358 1957 412 2015 καί
431 1953 549 2034 βροχήυ
569 1941 749 2014 ύιιουσίοιν8ἱο
771 1959 850 2014 κατά
874 1955 906 2015 τό
930 1955 1164 2035 γεγραμμένον*
1192 1952 1397 2035 βρεχόμενοι,
1431 1952 1553 2026 πάσαις
1580 1957 1640 2033 μὲν
1669 1953 1810 2031 α’γαθῶν

221 2057 389 2140 εύθηνίαις
410 2055 637 2132 ένευπαθούσι,
660 2057 748 2143 πόση
772 2056 807 2119 δὲ
830 2061 968 2137 κομῶσιν
982 2055 1181 2138 εὐδαιμονίᾳ,
1204 2056 1380 2121 κάντεῦθεν
1391 2061 1545 2131 παντοίας
1564 2053 1679 2141 ήδονής
1694 2060 1810 2143 πεπλη·

224 2164 343 2240 σμένοι,
374 2161 428 2223 τὸν
448 2160 578 2223 ἅπαντα
599 2163 671 2239 βίον
692 2159 799 2243 ἑορτήν
821 2164 901 2242 μίαν
923 2164 1065 2239 άγαυσιν,
1094 2159 1132 2246 ής
1152 2164 1186 2225 τό
1212 2165 1294 2241 μέγα
1318 2160 1496 2244 κεφάλαιον
1518 2161 1535 2244 ή
1560 2166 1619 2227 νῦν
1642 2163 1811 2247 τελουμένη
1896 2185 1899 2190 ·

224 2265 295 2346 ἅμα
315 2268 376 2344 μὲν
396 2265 442 2338 είς
459 2262 561 2336 δόξαν
576 2268 724 2345 Χριστοῦ,
747 2268 803 2331 zoi·
818 2264 1034 2341 δοξασθέντος
1047 2267 1118 2348 όρτι
1136 2271 1179 2352 τῷ
1198 2270 1304 2329 πάθει
1318 2265 1418 2354 καίοῇ
1433 2265 1563 2346 έγέρσει,
1576 2268 1581 2352 ή
1594 2268 1663 2346 ἅμα
1730 2269 1808 2334 190²

225 2370 261 2434 δὲ
285 2374 363 2452 πρδς
385 2371 475 2452 τιμήν
497 2374 550 2432 τοῦ
572 2373 636 2430 τῶν
663 2370 832 2451 μαρτύρων
862 2373 1022 2450 μεγίστου,
1057 2367 1095 2435 οὗ
1126 2373 1197 2444 τούς
1226 2371 1353 2443 ἄθλους
1384 2370 1528 2434 ἐνταῦθα
1561 2374 1812 2457 πανηγυρίζομεν

226 2474 372 2557 σήμερον,
402 2478 451 2535 σοί
479 2476 522 2557 τιή
550 2472 676 2551 βασιλεί
702 2478 756 2534 καί
783 2473 919 2562 δεσπόιη
951 2479 1005 2535 καί
1032 2477 1085 2558 τής
1113 2473 1319 2558 πανηγύρεως
1349 2476 1459 2556 ταύτης
1480 2478 1680 2558 καθηγεμόνι
1702 2495 1812 2540 συνευ-

225 2576 454 2659 φραινόμεναι,
491 2582 544 2638 καί
571 2578 658 2639 τοῦτο
687 2582 748 2656 μὲν
778 2582 1032 2661 συνεισφέροντες
1060 2584 1104 2663 τῷ
1126 2581 1229 2663 καιρῷ
1249 2582 1287 2640 τά
1311 2579 1508 2662 καθήκοντα,
1530 2582 1619 2643 τούτο
1641 2581 1677 2642 δὲ
1699 2585 1741 2666 τῷ
1764 2587 1809 2664 σῷ

225 2683 331 2764 κράτει
352 2684 386 2744 τὸ
410 2681 537 2763 διαρκὲς
561 2685 615 2742 καὶ
635 2682 669 2743 τό
690 2683 819 2762 χρόνιον
850 2683 940 2764 παρά
972 2686 1036 2745 τῶν
1064 2686 1249 2764 τιμωμένων
1278 2684 1449 2757 αίιαύντες,
1482 2690 1537 2745 ἵνα
1566 2689 1621 2745 καὶ
1651 2683 1727 2767 ήμίν
1756 2685 1810 2748 ἐπὶ

225 2787 384 2849 πλέοντά
406 2781 721 2868 τήσδετήςεύζωίας
743 2786 798 2848 διά
829 2790 862 2848 σὲ
889 2791 1099 2869 παραμείνοι,
1134 2786 1398 2869 ὑπερασπίζοντας
1430 2788 1535 2862 καλῶς
1563 2792 1618 2851 τού
1648 2791 1729 2852 θεοῦ
1758 2793 1811 2872 τής

226 2891 348 2964 πόλεως
369 2890 494 2973 ταύτης,
527 2893 581 2950 καί
608 2892 663 2952 τοτ’·
690 2890 808 2964 ἔθνους
838 2897 957 2963 παντὸς
986 2891 1041 2953 διά
1071 2896 1127 2954 τόν
1154 2891 1255 2955 ἄλλον
1277 2891 1377 2975 δήλον
1399 2892 1446 2955 ότι
1467 2893 1589 2971 Δαβίδ,
1620 2895 1675 2956 τόν
1696 2893 1811 2956 ἑαυτοῦ

225 2995 340 3069 παῖδα,
362 2998 407 3070 σέ,
430 2998 485 3057 τόν
506 2996 630 3076 πραύίόζ
654 2999 707 3055 καί
729 2992 858 3076 ήσύχιαν
881 3001 934 3056 καὶ
960 2997 1038 3057 κατά
1055 2998 1110 3078 τήν
1124 2996 1262 3076 καρδίαν
1277 2995 1382 3059 αὐτοῦ.
1431 2996 1564 3059 12ταῦτα’
1578 3015 1638 3072 σοι,
1661 3000 1811 3080 κράτιστε,

224 3106 262 3162 τοὶ
285 3105 338 3183 τής
359 3097 516 3176 εύσεβείας
538 3100 698 3181 ἐπίχειρα·
732 3094 820 3172 οἶτος
842 3098 859 3161 ό
883 3099 1008 3179 καρπός
1030 3116 1079 3162 σοι
1100 3102 1153 3181 τής
1174 3102 1323 3174 πίστεως·
1356 3100 1432 3183 αὕτη
1461 3103 1514 3183 τής
1534 3102 1663 3183 γνησίας
1684 3101 1811 3183 α’γάπης

223 3208 278 3289 τής
307 3207 388 3287 πρὸς
418 3209 498 3267 θεὸν
528 3203 546 3287 ή
577 3203 756 3279 α’ντίδοσις·
791 3207 901 3268 τούτου
929 3204 1008 3283 ἔχεις
1037 3206 1160 3284 μισθόν
1188 3210 1240 3287 τῆς
1270 3209 1342 3287 περί
1371 3203 1467 3270 αύτόν
1495 3227 1527 3267 τε
1555 3208 1644 3287 τιμής
1666 3207 1811 3278 καὶτοὺς

227 3314 324 3376 αυτοῦ
344 3312 489 3393 γνησίους
510 3304 730 3391 θεραπευτάς,
764 3309 835 3382 σούς
856 3332 887 3370 τε
914 3308 1032 3382 ἄλλους
1054 3307 1170 3371 όπόσοι
1192 3309 1232 3371 δι’
1255 3307 1353 3372 αὐτόν
1374 3334 1403 3371 τι
1424 3307 1622 3383 πεπόνθασι,
1644 3313 1698 3370 καί
1719 3313 1810 3389 παρά

226 3415 353 3488 πάντας
373 3415 493 3494 ἐξόχως
514 3419 586 3499 περί
607 3419 714 3480 τούτου
735 3416 790 3476 τόν
812 3413 1004 3492 έξαχιότατον
1035 3416 1071 3475 ἐν
1092 3411 1199 3486 αύτοΐς
1228 3418 1281 3475 καί
1311 3416 1599 3495 περιφανέστατον,
1631 3410 1659 3498 ρό
1688 3414 1813 3497 φιλοτι-

224 3518 347 3599 μότατα
371 3520 375 3604 ή
400 3522 492 3606 τάθη
514 3519 733 3602 πανηγυρίζων
754 3519 909 3592 ένταύθα,
932 3521 986 3578 καί
1008 3518 1179 3590 κοινωνούς
1200 3520 1281 3599 πρὸς
1296 3520 1352 3600 τήν
1367 3518 1475 3580 τούτου
1488 3520 1669 3599 θεραπείαν
1737 3520 1812 3583 191¹

226 3622 493 3705 παραλαμβάνεις
514 3624 570 3695 τάς
591 3626 645 3683 καί
665 3627 718 3704 τῆς
740 3620 835 3705 αύτής
855 3621 1002 3696 έξουσίας
1023 3639 1072 3684 σοι
1094 3618 1309 3695 κοινωνούσας
1342 3626 1395 3681 καί
1417 3621 1529 3705 δόξης,
1560 3623 1598 3683 τὰ
1622 3622 1706 3684 καλοὶ
1729 3623 1810 3702 λέγω

226 3733 325 3793 ταύτα
345 3730 398 3811 τής
417 3725 581 3805 βασιλείας
601 3724 784 3806 ἀγάλματα,
814 3728 885 3800 τούς
906 3727 1024 3800 διττούς
1046 3725 1242 3809 ὀφθαλμούς
1261 3731 1314 3809 τής
1335 3728 1415 3786 καθ’
1439 3723 1522 3808 ήμός
1542 3729 1668 3803 γενεᾶς,
1698 3731 1737 3790 τοὶ
1758 3733 1812 3812 τής

225 3832 370 3906 παλαιάς
389 3831 545 3905 εύγενείας
566 3838 620 3893 καὶ
641 3831 858 3914 λαμπρότητος
880 3833 1033 3914 λείψανα,
1055 3833 1093 3893 τὰ
1116 3830 1273 3912 πολυγενή
1296 3836 1350 3891 καὶ
1372 3829 1546 3912 παλύρριζα
1568 3834 1630 3893 τόν
1653 3833 1812 3911 βασιλέων

225 3935 446 4020 βλαστήματα,
468 3934 518 4008 αίς
539 3935 591 3999 ἐπ’
615 3937 664 4019 ἔτη
686 3956 721 3998 σε
742 3940 796 3997 καί
817 3936 868 4019 ε’τη
891 3940 1069 4018 συγχαίρειν
1090 3941 1145 3997 καί
1167 3935 1408 4015 συμβασιλεύειν
1428 3933 1609 4015 εύχόμεθα,
1643 3940 1751 4019 μέχρις
1771 3933 1813 4003 ού

226 4044 263 4104 τοὶ
285 4043 354 4104 ἅνω
375 4041 533 4121 βασίλεια,
554 4039 592 4104 τά
615 4041 802 4121 α’μετάθετοι
824 4045 879 4103 καί
900 4039 1077 4116 άσάλευτοι,
1109 4042 1155 4114 είς
1175 4043 1230 4121 τήν
1251 4038 1349 4100 έκείσε
1370 4037 1497 4119 δέξηται
1522 4036 1623 4113 δόξαν
1645 4044 1699 4101 καί
1719 4044 1814 4120 βασι-

226 4146 315 4208 λείαν
336 4144 429 4226 ὑμᾶς.
450 4148 526 4218 τέως
548 4144 584 4207 δὲ
605 4146 660 4228 τήν
680 4144 820 4221 έπίγειον
841 4148 958 4229 ταύτην
985 4145 1030 4219 είς
1061 4155 1170 4228 χείρας
1197 4144 1391 4221 κατέχοντες,
1423 4143 1586 4205 έντείνετε*
1609 4143 1738 4226 σφόδρα
1759 4152 1813 4208 καί

226 4249 461 4314 κατευαδούσθε
483 4254 536 4311 καί
556 4250 752 4328 βασιλεύετε,
786 4249 865 4313 ούτω
894 4254 954 4329 μὲν
983 4246 1117 4322 α’λύπως
1147 4252 1201 4310 καί
1229 4243 1362 4328 ἱλαρός,
1395 4246 1473 4309 οὕτω
1500 4245 1537 4308 δὲ
1566 4246 1813 4330 φιλανθροόπως

227 4378 296 4436 αμα
318 4359 373 4417 καὶ
395 4353 619 4437 φιλοφρόνως,
650 4357 704 4414 καὶ
725 4356 836 4417 τούτου
856 4354 910 4416 τόν
932 4354 1053 4434 τρόπον
1074 4353 1128 4417 ἐπί
1156 4351 1282 4432 μᾶλλον
1304 4350 1503 4428 καὶμᾶλλον
1523 4353 1580 4427 τός
1600 4350 1814 4435 α’νθραπίνας

224 4458 356 4538 γνάμας
377 4456 648 4531 καταδουλούσθε,
669 4461 711 4539 μή
737 4457 852 4539 φόβοις
873 4456 1147 4539 προσβιαζόμενοι,
1170 4453 1242 4518 άλλ’
1254 4452 1395 4528 εὐνοίαις
1415 4454 1659 4535 έξοικειαόμενοι
1672 4493 1708 4506 -
1721 4461 1810 4523 τοῦτο

226 4564 264 4647 δή
298 4565 331 4627 τό
361 4559 511 4645 ύμέτερον
542 4561 702 4643 ἐξαίρετον
733 4564 897 4642 γνοίρισμα
926 4565 1016 4645 παρά
1049 4563 1120 4635 τούς
1149 4562 1277 4623 πιόποτε
1299 4559 1602 4639 βασιλεύσαντας-
1629 4564 1746 4647 καὶτῷ
1768 4563 1812 4624 α’-

227 4668 318 4755 ήλότφ
338 4672 392 4734 τοῦ
416 4668 549 4750 φίλτρου
569 4669 650 4749 πρδς
670 4666 800 4739 ἑαυτούς
822 4667 1064 4748 συνδεσμούντες
1086 4671 1140 4727 καί
1162 4667 1403 4747 συγκρατοῦντες
1424 4662 1540 4748 δεσμῷ,
1563 4663 1606 4738 ὥς
1627 4667 1670 4726 άν
1736 4666 1814 4732 191²

224 4774 266 4838 τά
277 4797 307 4838 τε
319 4772 405 4836 ἄλλα
427 4778 481 4834 καί
491 4770 617 4855 είρήνης
628 4774 769 4849 βαθείας
790 4769 880 4836 αι’,τοί
900 4795 931 4835 τε
952 4775 1007 4835 καί
1028 4775 1062 4834 τό
1085 4768 1227 4853 ὑπήκοον
1239 4769 1392 4853 διηνεκῶς
1403 4765 1627 4844 ἀπολαύοντες,
1649 4766 1815 4853 εύκαιρίαν

299 4918 325 4950 11
346 4897 423 4952 Exod
444 4918 482 4966 19,
500 4915 512 4964 5
531 4901 536 4962 Ι
554 4873 580 4948 εἰ
601 4894 696 4967 ἅμμον
714 4896 801 4951 codex
818 4900 822 4963 Ι
840 4918 867 4950 11
887 4897 980 4952 Psalm
999 4899 1028 4958 ξζ
1047 4896 1141 4964 τοΙτι
1159 4895 1247 4949 Isaiae
1266 4894 1403 4962 ⁶⁶,2112
1421 4891 1515 4945 Psalm
1532 4891 1575 4961 μδ
1591 4910 1603 4958 5
