4560 6172
204 539 290 609 lea
1720 536 1778 601 151

202 705 314 778 ἄπλᾶς
336 708 356 789 ή
376 709 412 795 τή
436 711 607 791 συμφωνίᾳ
629 706 793 770 δεικνύναι
824 706 857 768 τό
888 704 1079 788 ἐναρμόνιον
1108 708 1127 788 ή
1153 707 1197 791 τηῦ
1225 705 1373 790 διαφόρῳ
1396 706 1474 786 πρός
1495 707 1529 769 τό
1552 710 1663 769 καινὸν
1684 706 1780 783 ἐξαλ-

202 809 370 882 λάττοντα,
402 808 485 872 ἄλλᾶ
517 816 571 872 καὶ
600 809 679 892 πρός
700 808 797 873 ἑαυτοῦ
821 807 1017 889 ξενοτρόπως
1038 808 1199 897 ἄντίήθετα
1222 813 1275 870 καὶ
1297 809 1500 892 όντίστροφα.
1547 810 1636 875 2266
1703 813 1781 877 207¹

195 915 314 984 τοῦτοῦ
336 911 469 986 διπλοῦς
490 919 544 976 καὶ
565 919 619 998 τήν
639 916 794 996 γέννησιν,
817 912 950 987 διπλοῦς
971 917 1024 974 καὶ
1048 916 1103 996 τήν
1125 914 1231 996 φῦσιν,
1253 918 1287 975 τό
1309 913 1417 993 μδνέν
1431 913 1556 996 ἄμφοῖν
1571 912 1781 996 ῦπερκόσμιον

201 1023 255 1080 καί
277 1016 484 1098 ῦπέρχρονον,
505 1020 539 1080 τό
563 1019 598 1079 δὲ
620 1018 699 1078 κατᾶ
722 1017 843 1096 κόσμον
864 1021 917 1078 καὶ
939 1022 1012 1096 περὶ
1033 1015 1159 1098 χρόνον.
1186 1022 1273 1080 τοῦτο
1295 1020 1353 1095 μὲν
1377 1017 1411 1079 τό
1433 1016 1629 1094 ἄκόλουθον,
1653 1018 1779 1101 ἄμήτωρ

199 1126 234 1185 τό
256 1120 378 1185 πάλαι·
401 1125 445 1195 τίς
465 1124 527 1204 γᾶρ
548 1122 645 1203 μήτηρ
667 1120 733 1182 ἐκεῖ
753 1127 806 1184 τοῦ
828 1122 898 1194 τοῦς
919 1120 1040 1192 αίᾶνας
1060 1119 1287 1203 γεννήσαντας
1321 1119 1452 1200 ἄπᾶτωρ
1475 1128 1508 1184 τό
1532 1124 1603 1186 νῦν·
1636 1128 1700 1189 ποῦ
1720 1127 1780 1205 γάρ

200 1230 286 1288 κάτω
310 1221 411 1304 πατήρ
433 1230 487 1289 τοῦ
508 1231 581 1289 τόνΒ
602 1225 704 1307 μόνον
725 1225 849 1303 ἔχοντος
871 1223 1003 1285 ἄνωθεν
1010 1252 1021 1300 3
1044 1229 1088 1297 τίς
1110 1224 1138 1286 δ’
1154 1222 1234 1307 ἄνήρ
1249 1229 1302 1307 τῆς
1317 1224 1475 1305 ἄχράντου
1499 1232 1552 1289 καὶ
1576 1226 1779 1308 παναμιόμου

200 1328 317 1408 ῦπαρ
339 1326 451 1392 ἑαυτοῦ
473 1331 656 1404 συναλίσας
677 1353 704 1392 τι
734 1330 814 1409 πρός
842 1327 897 1409 τήν
927 1328 1062 1411 ἄρρητον
1092 1330 1253 1411 γέννησιν,
1285 1332 1323 1393 σῦ
1353 1330 1381 1391 δ’
1410 1331 1557 1395 ἐντεῦθεν
1586 1331 1716 1411 έκδέχου
1745 1331 1779 1394 τό

198 1436 449 1516 ἄντιστρέφονί·
473 1434 571 1513 μόνος
593 1431 650 1497 οῦν
672 1430 801 1514 ἄμήτωρ
824 1428 841 1493 6
866 1436 918 1493 καὶ
940 1429 1093 1515 α’πάτωρ·
1122 1433 1222 1512 μόνος
1244 1431 1271 1494 δ’
1294 1430 1336 1497 αῦ
1358 1433 1492 1515 ἄπάτωρ
1515 1433 1532 1496 6
1556 1440 1609 1495 καὶ
1632 1435 1780 1518 άμήτωρ·

201 1543 252 1622 τής
274 1538 368 1620 αῦτής
388 1543 449 1618 γάρ
474 1541 573 1620 ἄμφω
597 1539 778 1616 δυνάμεως,
810 1535 935 1615 μᾶλλον
965 1535 1000 1597 δὲ
1030 1534 1047 1596 6
1078 1533 1171 1606 αῦτδς
1201 1540 1254 1597 καὶ
1282 1533 1459 1618 ἄμφότερα.
1506 1537 1608 1600 23ἐκεῖ
1630 1544 1707 1610 θεος
1727 1535 1780 1613 είς,

203 1642 273 1704 ἄλλ’
296 1641 352 1721 οῦχ
373 1646 409 1704 ἓν
432 1640 542 1714 ἄπλᾶις
556 1681 590 1690 -
617 1640 659 1715 τίς
681 1647 734 1702 καὶ
754 1643 835 1720 τρία,
858 1644 911 1701 καὶ
932 1640 970 1701 τᾶ
987 1642 1058 1721 τρία
1077 1639 1106 1703 δ’
1126 1637 1185 1704 σόν
1206 1644 1250 1716 δν,
1273 1641 1444 1723 ἐπειδήπερ
1466 1641 1508 1716 είς
1530 1643 1643 1705 πάλιν·
1667 1642 1779 1725 πατήρ,

202 1752 256 1808 καὶ
277 1745 344 1818 υλδς
368 1744 400 1831 (ή
423 1753 510 1826 τριάς
532 1744 549 1828 ή
572 1747 729 1826 μακαρία)
751 1749 803 1805 καὶ
826 1745 965 1821 πνεῦμα·
997 1741 1065 1816 υἱός
1088 1745 1226 1825 ἄναρχος
1248 1743 1282 1818 έξ
1304 1743 1445 1826 ἄνάρχου
1466 1752 1585 1827 πατρὸς
1607 1746 1624 1810 6
1648 1750 1706 1809 νῦν
1729 1745 1781 1812 ὑπ’

201 1850 303 1933 ἀρχήν
325 1849 392 1912 ἄπδ
408 1855 521 1933 μητρός
536 1853 679 1930 τοιαύτης
692 1848 870 1925 γενόμενος.
892 1852 951 1927 μία
968 1848 1063 1928 φόσις
1078 1846 1111 1909 τό
1129 1853 1206 1925 πᾶν,
1228 1851 1286 1926 μία
1301 1848 1458 1931 βοόλησις,
1480 1855 1606 1933 κίνησις,
1630 1851 1780 1933 ἐνέργεια,

203 1957 348 2036 δύναμις,
371 1953 472 2028 οὐσία,
497 1955 619 2033 θεότης,
641 1952 675 2014 τό
692 1954 951 2014 συνεκτικώτατον
966 1949 1119 2014 ἁπάντων
1134 1957 1187 2014 καὶ
1201 1950 1407 2033 κυριιότατον·
1430 1950 1530 2015 τᾶλλα
1543 1957 1602 2033 μὲν
1624 1957 1682 2017 16¹¹
1705 1957 1782 2015 καθ’

203 2059 280 2121 ὅλου
301 2054 459 2140 μοναδική
482 2081 526 2129 τις
548 2055 697 2142 ἄπλόήτης
718 2061 771 2116 καὶ
793 2053 932 2130 ἑνιαίαῖ,
955 2059 1158 2139 τρισσουμένη
1180 2057 1216 2118 δέ
1236 2057 1337 2136 μόνον
1358 2066 1425 2128 ταῖς
1451 2054 1636 2121 ὑποστάσεσι
1702 2059 1781 2123 2072

203 2169 341 2235 καὶτοῖς
362 2162 413 2223 ἐπ’
435 2161 568 2235 αόταῖςσ
590 2159 770 2238 ίδιάμασιν.
790 2158 833 2233 είς
854 2157 1023 2221 κάνταῦθα
1047 2161 1135 2233 θεός·
1159 2161 1232 2242 ἄχρι
1254 2161 1362 2225 τοῦτου
1383 2168 1435 2224 καλ
1456 2160 1557 2244 μόνον
1579 2158 1596 2244 ή
1621 2160 1780 2244 ὁμοιότης·

202 2271 236 2328 τό
258 2267 287 2329 δ’
309 2265 381 2350 ἑξής
402 2266 463 2347 ὅρα
487 2265 524 2348 δή
549 2264 772 2345 παραλλάττον
794 2285 862 2336 πως
875 2261 955 2340 ὁμοῦ
967 2268 1020 2324 καὶ
1032 2261 1326 2342 ἄντανακλοίμενον·
1349 2265 1388 2330 οῦ
1401 2270 1462 2347 γᾶρ
1477 2261 1598 2336 ἄπλοῦς
1617 2265 1659 2327 ἔτι
1672 2269 1728 2328 νῦν
1742 2303 1776 2313 -

204 2368 246 2444 ιῦς
269 2377 343 2431 καὶιι
368 2371 559 2451 ἄνθρωπος·
583 2371 637 2450 τήν
653 2366 709 2431 οῦν
724 2371 819 2451 φύσιν
834 2365 974 2442 διπλοῦς,
997 2364 1082 2428 άλλᾶ
1102 2369 1158 2448 τήν
1171 2365 1341 2431 ὑπόστασιν
1356 2367 1411 2441 εἷς·
1435 2369 1513 2450 ὅπερ
1530 2370 1668 2450 ἔμπαλιν
1683 2370 1781 2433 πάλιν

204 2480 283 2559 πρός
312 2477 345 2536 τὰ
377 2474 450 2536 ἐκεῖ.
484 2472 562 2538 οὕτω
585 2476 731 2553 κρείττοσι
754 2470 859 2545 λόγοις
882 2468 898 2552 ἢ
922 2473 1062 2551 κρείττων
1084 2471 1249 2550 οἰκονομία
1271 2509 1315 2520 -
1336 2475 1368 2534 τδ
1391 2473 1433 2555 μή
1457 2473 1613 2554 διαφέρον
1636 2474 1705 2552 ἄμα
1728 2481 1780 2535 καὶ

206 2581 417 2658 διαφέρον-
442 2582 522 2657 πρός
543 2577 597 2638 τόν
620 2576 687 2638 ἄνω
711 2578 839 2657 φέρεται
861 2573 993 2655 τρόπον,
1026 2579 1080 2635 ίνα
1103 2579 1156 2635 καὶ
1178 2577 1210 2636 τό
1233 2576 1385 2656 ἄτρεπτον
1407 2575 1493 2665 δείξη
1516 2582 1569 2637 καὶ
1590 2580 1725 2666 γνωρίση
1746 2583 1780 2641 τό

204 2680 407 2765 πρόσλημμα,
430 2680 472 2743 ἔτι
495 2680 531 2743 δὲ
552 2683 604 2762 τῆς
626 2677 701 2761 όλης
723 2680 869 2761 θεότητος
890 2679 922 2739 τὸ
945 2682 1016 2758 περὶ
1038 2679 1076 2738 τᾶ
1096 2684 1252 2759 πρόσωπα
1275 2680 1425 2743 πλοόσιον
1442 2681 1533 2755 -είς
1553 2685 1589 2743 ἓν
1611 2681 1688 2770 αὐτή
1711 2700 1779 2744 στε-

206 2789 315 2848 νωθέν
331 2824 365 2833 -
381 2782 598 2868 άναπληριόση
622 2781 799 2863 πανσόφως
820 2785 855 2870 τή
871 2784 1019 2843 συνθέσει
1037 2782 1246 2863 τᾶνφόσεων.
1292 2781 1410 2846 2ίᾶλλᾶ
1433 2790 1461 2848 τί
1482 2809 1536 2865 μοι
1558 2789 1672 2850 τούτων
1694 2791 1781 2866 νυνί,

202 2900 266 2963 τοῖς
288 2893 392 2952 τοίνυν
415 2891 467 2951 τοῦ
491 2885 561 2952 υἱοῦ
583 2890 635 2950 τοῦ
660 2888 737 2948 θεοῦ
759 2889 887 2949 καὶτοῦ
910 2884 980 2950 υῖοῦ
1002 2892 1054 2946 καὶ
1077 2891 1157 2951 θεοῦ
1179 2894 1233 2948 καὶ
1253 2890 1291 2950 τᾶ
1309 2896 1379 2970 περὶ
1398 2895 1450 2969 τήν
1465 2896 1614 2955 τεκοῦσαν
1628 2890 1780 2971 ἑπόμενα.

205 2997 282 3056 καθ’
305 2995 323 3055 6
344 2997 404 3073 μὲν
425 2992 543 3064 ἐκεῖνος
565 2991 741 3069 ἄνθρωπος
763 2989 900 3069 ὕστερον,
931 2996 984 3050 καὶ
1013 2990 1109 3073 μήτηρ
1133 2988 1150 3072 ή
1174 2991 1359 3068 ἐνεγκοῦσα,
1389 2994 1509 3057 καθ’ἱί
1539 2995 1575 3056 δὲ
1605 3000 1658 3056 καὶ
1691 2997 1779 3071 θεός,

205 3097 300 3163 οῦδὲν
320 3092 408 3181 η’ττον
430 3100 484 3158 καὶ
506 3098 682 3175 παρθένος,
705 3091 761 3170 οόχ
783 3088 893 3176 ήττονῖ
915 3099 972 3155 καὶ
1000 3095 1076 3170 μετᾶ
1104 3097 1248 3177 γέννησιν
1278 3095 1435 3180 κᾶκείνηῖ.
1469 3101 1499 3161 τό
1528 3101 1587 3178 μὲν
1615 3102 1667 3180 τής
1697 3100 1780 3182 πλη-

207 3203 350 3284 ριόσεως,
381 3205 414 3262 τό
439 3200 474 3261 δὲ
495 3203 548 3283 τής
570 3197 744 3270 κενάσεως,
779 3202 832 3257 καὶ
860 3198 894 3259 τό
915 3200 974 3277 μὲν
996 3196 1038 3270 ῦς
1059 3197 1187 3275 μόνου·
1210 3203 1288 3264 θεοῦ
1312 3205 1403 3262 θεῖον
1425 3201 1518 3276 ὅλον,
1548 3206 1582 3265 τό
1605 3202 1641 3265 δὲ
1663 3201 1706 3276 τός
1727 3211 1781 3266 καῖ

204 3305 407 3386 ἄνθριόπουλ
432 3305 435 3369 ί
468 3302 689 3383 ἄνθριόπινον.
719 3303 825 3365 τοῦτου
857 3304 884 3362 τί
912 3302 1156 3383 συμφωνότερον
1185 3305 1205 3385 η’
1235 3306 1303 3385 θεῷ
1330 3306 1586 3386 πρεπωδέστερον
1620 3310 1637 3387 ή
1701 3309 1779 3374 2081

204 3416 294 3492 μητρὶ
316 3411 514 3489 χαριέστερον
520 3436 532 3485 ,·
566 3406 685 3489 ίῧπλήν
717 3403 735 3468 6
764 3408 823 3484 μὲν
852 3408 940 3470 τοῦτο
971 3404 1117 3486 δεύτερον
1147 3397 1201 3488 τ’ήν
1229 3406 1307 3489 ὑπὲρ
1338 3407 1421 3489 ἡμᾶς
1449 3432 1480 3471 τε
1509 3421 1562 3472 καῖ
1592 3414 1669 3473 καθ’
1697 3412 1780 3494 ήμᾶς

204 3519 349 3596 γέννησιν
370 3512 481 3595 ταύτην
502 3513 664 3593 γεννηθεὶς
695 3507 761 3570 όπό
794 3514 907 3590 μητρός
936 3508 1030 3583 ἄξίας
1058 3507 1095 3592 ήν
1126 3508 1378 3591 ὑποτασσόμενος
1407 3525 1469 3586 τοῖς
1498 3519 1621 3589 γονεῦσι
1643 3516 1721 3578 κατᾶ
1745 3523 1778 3580 τό

203 3617 341 3692 λόγιονῖ,
365 3617 463 3696 δήλον
485 3615 512 3678 δ’
535 3616 580 3676 ότι
603 3616 744 3690 γονεῦσι,
775 3617 809 3699 τη·
831 3616 891 3693 μὲν
912 3615 991 3675 κατὰ
1016 3613 1113 3694 φῦσιν
1135 3615 1212 3675 καὶ(1
1233 3612 1312 3697 ὑπὲρ
1336 3616 1449 3698 φῦσιν,
1478 3622 1521 3699 τῷ
1551 3617 1587 3680 δὲ
1609 3619 1689 3681 κατά
1709 3642 1780 3683 τινα

205 3724 309 3801 σχέσιν
336 3724 388 3783 εἴτ’
418 3719 492 3784 οὑνθ
525 3721 617 3778 θέσιν
647 3718 689 3800 (εί
709 3715 832 3799 βούλει)
855 3721 908 3777 καὶ
931 3720 1010 3797 πρός
1032 3717 1127 3800 φύσιν
1149 3717 1270 3780 οὐδένί.
1292 3716 1335 3791 τός
1355 3717 1417 3800 γάρ
1438 3718 1552 3803 α’νήρό
1567 3724 1703 3805 μνηστήρ
1727 3730 1779 3784 καὶ

204 3830 257 3890 τοῦ
280 3828 442 3904 τεχθέντος
465 3824 577 3905 πατήρ.
604 3833 705 3897 γονεῖς
727 3824 832 3882 τοίνυν
854 3819 954 3904 όμιῦς,
985 3821 1015 3882 εί
1041 3826 1094 3882 καὶ
1122 3825 1187 3905 μήῖ
1209 3821 1326 3900 ὁμοίως
1348 3821 1539 3904 ἀμφότεροι·
1570 3823 1624 3908 ὑφ’
1653 3822 1699 3889 τόν
1726 3833 1779 3888 καὶ

204 3927 360 4008 λαμβάνει
381 3930 414 3989 τό
439 3930 592 4010 σωτήριον
614 3926 716 4004 ὄνομα
740 3927 771 3986 τό
794 3925 1031 4006 χρηματισθὲνλ
1063 3923 1167 3998 αὐτοῖς
1198 3924 1259 3988 ὑπό
1289 3930 1341 3990 τοῦ
1373 3925 1510 4002 ἄγγέλου
1538 3933 1591 3988 καὶ
1613 3932 1674 4009 πρό
1698 3930 1776 3992 συλ-

203 4032 349 4113 λήψεως,
383 4035 435 4090 καὶ
457 4030 499 4103 ὥς
522 4031 721 4111 πρωτότοκον
743 4027 835 4103 ἄγιον
857 4032 953 4111 κυρίῳ
976 4027 1175 4109 προσάγεται.
1205 4029 1318 4108 βαβαῖἱ
1345 4033 1568 4112 καρποφορίας
1590 4030 1778 4114 ὑπερφυοῦς.

203 4137 280 4208 θεὸς
315 4138 384 4214 θεῷ
421 4132 535 4215 δῶρον,
569 4136 622 4194 καὶ
651 4128 719 4205 υίδς
747 4137 842 4214 πατρὶ
872 4131 993 4195 δίδοται
1025 4133 1356 4214 μεγαλοπρεπέστατον
1386 4135 1521 4216 διόρωνΙῐ
1552 4134 1704 4199 ἁπάντων
1726 4145 1781 4200 καί

200 4237 419 4321 γνησιώτατον.
441 4237 497 4320 ὑφ’
521 4231 566 4299 ἄν
588 4235 605 4299 6
628 4237 734 4299 πάντα
757 4235 887 4317 πληροῦν
909 4243 960 4297 καὶ
983 4237 1026 4310 τίς
1043 4239 1206 4312 Αἴγυπτον
1229 4238 1452 4318 φυγαδεύεται,
1484 4246 1536 4301 καὶ
1558 4242 1593 4315 ἐξ
1617 4242 1777 4317 Αἰγύπτου

202 4343 331 4426 κληθείς
353 4340 573 4421 άνακυμίζεται
596 4339 709 4413 πάλιν,
744 4346 797 4400 καὶ
817 4344 881 4420 μετ’
906 4341 1012 4418 ὀλίγον
1035 4341 1163 4424 ζητεῖται
1186 4340 1404 4422 προσεδρεύων
1434 4352 1476 4428 τῷ
1499 4343 1590 4426 λερρῖ,
1624 4349 1704 4426 πρὸς
1726 4346 1779 4419 οῦς

202 4447 246 4519 είς
269 4451 380 4526 καιρόν
403 4450 455 4506 καὶ
480 4441 722 4525 παρρησιάζεται
745 4444 781 4504 έν
802 4456 866 4517 τοῖς
887 4450 939 4509 τοῦ
962 4445 1060 4519 όντως
1081 4446 1185 4518 ὄντος1
1208 4444 1274 4507 δεῖν
1298 4444 1398 4521 λέγων
1419 4445 1501 4509 εῖναι
1523 4449 1556 4511 τό
1578 4447 1687 4523 πλέον,
1722 4446 1776 4513 οῦκ

272 4607 288 4640 r
306 4588 424 4641 διοτοῦτο
445 4587 573 4650 Clam*
591 4587 635 4638 τόν
655 4587 709 4649 01),
727 4588 815 4639 τοῦτον
836 4585 1196 4654 Βῂῖᾶντιστρέφωνῦιτι
1215 4587 1245 4638 τὰ
1267 4589 1447 4649 ὓίυὲνιαῖα
1467 4587 1778 4652 ὓΙτοταῖςῦπάότοῖς

201 4661 224 4714 1)
240 4664 244 4723 Ι
259 4679 278 4712 τ
298 4661 344 4712 καί
361 4678 407 4714 om
427 4661 502 4728 01η
521 4663 627 4723 κακείνη
646 4658 700 4712 add
719 4657 740 4712 C
756 4663 760 4721 Ι
776 4678 789 4712 τ
807 4657 913 4723 κᾶκείνη
931 4659 984 4711 hoc
1003 4658 1064 4713 loco
1083 4659 1177 4712 omisit
1195 4658 1216 4713 O
1232 4664 1237 4726 Ι
1257 4678 1274 4711 α
1292 4661 1383 4723 μόνως
1401 4660 1429 4724 C,
1448 4661 1535 4728 μόνου
1555 4658 1653 4729 3616
1671 4661 1777 4728 ἄνθρω-

200 4733 344 4798 πονίλΙο
365 4732 455 4801 Ephes
474 4735 496 4795 6,
518 4751 528 4782 1
550 4731 643 4784 Coloss
662 4750 685 4796 3,
703 4750 734 4782 20
752 4731 808 4786 Luc
827 4751 850 4794 τ,
869 4750 895 4798 51
914 4732 919 4797 Ι
940 4731 959 4781 δ
975 4728 1021 4781 καί
1041 4731 1095 4793 BD,
1112 4730 1349 4799 κᾶνΟΙοεῖιουν
1368 4732 1414 4786 OD
1434 4736 1438 4796 Ι
1452 4736 1477 4800 s
1492 4732 1525 4785 0¹
1543 4731 1572 4785 in
1592 4749 1671 4801 marg
1689 4732 1776 4787 minio

199 4801 302 4872 ολραῑον
317 4807 321 4870 Ι
336 4823 353 4872 η
371 4804 407 4873 μή
427 4820 471 4856 om
486 4804 508 4856 D
525 4804 529 4869 Ι
545 4803 563 4853 λι
583 4803 637 4855 Luc
650 4822 673 4864 2,
686 4821 714 4854 τι
731 4805 737 4867 Ι
753 4804 764 4853 τ’
780 4807 864 4870 βαβαῖ
882 4803 911 4864 0,
928 4801 1012 4868 βαβαὶ
1029 4802 1220 4872 apographum
1238 4812 1242 4868 Ι
1258 4803 1275 4854 λ
1294 4804 1389 4872 διόρων
1403 4804 1431 4866 C,
1449 4805 1539 4872 δῶρον
1555 4804 1749 4873 apographum
1770 4814 1774 4872 l

200 4877 212 4926 ί
230 4874 310 4934 ὅντως
328 4875 385 4940 BD,
403 4876 477 4935 ὄντος
495 4874 525 4941 0,
545 4872 626 4932 όντως
643 4872 717 4932 ὄντος
735 4875 862 4944 Laqarde
880 4876 936 4929 Luc
957 4892 979 4940 τ,
999 4891 1029 4940 49
