4560 6172
341 515 383 579 10

365 685 407 750 10
429 685 509 765 πρδς
530 686 569 768 ἢν
592 686 741 767 έπαρκεῖς
762 691 817 749 καί
838 692 972 772 γραφεὶς
993 687 1072 752 οὕτω
1094 688 1204 768 μόνον.

343 892 407 957 17.
430 892 487 962 Εἷς
508 896 577 965 τοὺς
598 903 678 973 τρεῖς
699 891 778 972 ἅμα.

387 997 403 1058 l
433 998 531 1075 Τριάς
551 999 610 1077 μὲν
631 992 720 1077 εὗρεν
742 997 934 1078 ἰσαρίθμους
956 998 1148 1077 συμμάχους,

428 1095 629 1178 ὑπερμάχους
651 1099 678 1161 δ’
700 1101 804 1183 ἔστησε
827 1104 927 1175 πίστις
947 1100 1080 1164 ἐνθάδε.

430 1200 569 1277 ἀνάξιον
592 1205 725 1282 κρίνασα
748 1207 801 1265 καί
823 1207 934 1284 πόρρω
957 1203 1051 1278 λόγου

431 1301 476 1366 ῶν
498 1316 561 1379 τοῖς
584 1306 689 1383 λόγοις
710 1309 838 1382 σύνεστι,
859 1307 901 1390 μὴ
927 1313 1064 1381 καὶτοῖς
1085 1312 1203 1381 τύποις.

387 1409 408 1475 5
430 1409 512 1471 ὅθεν
532 1413 704 1490 γραφέντες
727 1410 780 1493 ζῆν
803 1410 929 1477 δοκοῦσι
951 1416 1004 1473 καί
1026 1411 1129 1489 λέγειν

430 1514 512 1595 άπερ
536 1517 687 1595 φέρουσιν
709 1513 744 1577 οἳ
767 1518 948 1598 θεόγραηοι
969 1516 1083 1595 βίβλοι.

431 1618 542 1700 ταύτην
564 1617 701 1702 α’μοιβην
722 1630 786 1691 τοῖς
808 1619 1016 1692 διδασκάλοις
1038 1622 1124 1701 νέμει

433 1721 557 1807 Ιεύνους
577 1726 724 1806 μαθητὴς
746 1723 864 1806 οἰκέτης
882 1722 1039 1805 Ἰωάννης.

346 1930 415 1995 18.
439 1927 495 1999 Είς
515 1929 570 1989 τὸν
592 1925 684 2003 άγιον
706 1927 880 1992 Νικόλαον.

391 2033 407 2094 1
434 2029 548 2105 Αὐτόν,
571 2032 679 2111 πάτερ,
702 2035 736 2093 σὲ
759 2034 925 2111 προσκυνῶ
946 2056 977 2095 τε
1000 2037 1053 2093 καὶ
1073 2030 1193 2110 βλέπω,

433 2134 530 2199 αύτδν
552 2138 655 2217 κρατῶ
677 2153 725 2198 σε·
750 2140 808 2198 σύν
829 2137 864 2198 δὲ
887 2141 1002 2215 θαῦμα
1025 2141 1077 2197 καί
1099 2135 1179 2199 τόδε.

432 2237 512 2321 α’νὴρ
535 2239 675 2320 ἐναργῶς
698 2242 876 2322 πρεσβύτης.
899 2241 934 2304 έκ
956 2239 1132 2319 χρωμάτων

433 2347 533 2424 σαφὲς
553 2349 586 2406 τὸ
610 2348 716 2422 σῶμα·
743 2349 864 2426 πνεύμα
888 2345 916 2406 δ’
938 2346 980 2404 ἄν
1002 2364 1051 2406 σοι
1074 2349 1127 2405 καὶ
1148 2340 1245 2421 λόγον

388 2449 409 2511 5
431 2446 507 2524 ἐμὸν
529 2451 697 2527 παρέσχον,
720 2449 749 2510 εἰ
770 2449 881 2527 λαβεῖν
902 2451 1080 2532 κατηξίους·

432 2549 528 2623 οὕτως
549 2551 630 2630 ἔχειν
651 2550 759 2625 πόθος
780 2575 819 2632 με
842 2557 947 2614 πείθει
971 2558 1024 2613 καὶ
1045 2550 1157 2627 λέγειν.

347 2758 417 2824 19.
437 2756 493 2828 Εἷς
514 2757 569 2818 τόν
591 2756 682 2833 ἅγιον
707 2764 943 2821 Κωνσταντῖνον
967 2759 1019 2821 τόν
1039 2758 1075 2821 έν
1098 2761 1141 2841 τῷ
1163 2755 1304 2844 καμύλῳ.

390 2862 406 2923 1
435 2857 549 2942 Κόσμῳ
570 2866 739 2942 νεκρωθεὶς
761 2868 814 2924 καί
835 2867 904 2943 θεῷ
927 2862 1029 2944 ζήσας,
1052 2863 1162 2945 πάτερ,

432 2964 612 3048 α’πεκρύβης
636 2964 712 3042 ζῶν,
735 2972 789 3028 καὶ
811 2971 927 3029 θανῶν
948 2966 1136 3049 άνευρέθης.

433 3067 555 3148 κράζεις
577 3069 612 3130 δὲ
635 3073 740 3146 σιγῶν,
762 3076 814 3132 καὶ
835 3075 916 3150 βοᾷς
937 3071 971 3133 ἐκ
993 3074 1046 3135 τού
1068 3069 1184 3152 τάφου,

433 3171 593 3248 σάλπιγγα
614 3175 670 3246 τὰς
692 3177 749 3248 σάς
771 3177 1032 3255 θαυματουργίας
1054 3175 1145 3254 ἔχων.

391 3274 412 3340 5
434 3274 582 3339 έντεύθεν
603 3272 621 3337 δ
645 3282 720 3355 πρὶν
741 3282 840 3339 πᾶσιν
863 3274 1052 3360 η’γνοημένος

434 3382 492 3439 νύν
514 3384 567 3438 καὶ
588 3379 727 3457 βασιλεῖς
750 3383 964 3464 προσκυνητὰς
985 3380 1113 3457 ἑλκύεις,

435 3479 481 3543 ῶν
502 3481 593 3562 ἔργον
615 3480 632 3564 η
657 3487 815 3564 στέφουσα
837 3488 892 3567 την
914 3489 1010 3564 σορὸν
1031 3487 1134 3565 χάρις,

434 3589 502 3647 πάν
523 3587 656 3665 τερπνὸν
677 3586 751 3669 ύλης
772 3593 824 3649 καὶ
846 3593 952 3671 τέχνης
975 3595 1043 3650 πᾶν
1064 3586 1208 3650 ποικίλον

435 3692 588 3773 φέρουσα,
611 3694 665 3751 καί
685 3695 842 3772 τέρπουσα
864 3696 931 3764 τοὺς
955 3696 1147 3770 θεωμένους.

373 3795 414 3859 10
436 3793 476 3854 δι’
499 3791 534 3875 ἧς
556 3792 667 3874 ἄριστα
689 3799 743 3878 τὴν
767 3796 879 3879 νοήτη’ν
900 3817 955 3859 σου
979 3797 1075 3869 δίδως

436 3895 537 3972 δόξαν
559 3901 705 3979 θεωρεῖν,
728 3898 764 3961 έν
787 3906 856 3984 θεῶ
878 3905 1101 3982 κεκρυμμένην,

435 4002 493 4075 έως
514 4004 589 4084 παρ’
612 3999 706 4067 αὐτοῦ
727 4005 765 4065 τά
787 4006 866 4084 πρδς
889 4002 987 4080 α’ξίαν
1009 4004 1128 4084 λάβοις.

350 4212 419 4281 20.
443 4210 497 4282 Εἰς
518 4208 573 4291 τὴν
595 4213 749 4273 θεοτύκον
770 4210 980 4295 δακρύουσαν.

395 4316 411 4377 1
430 4315 466 4375 Ὠ
489 4317 541 4377 τού
564 4315 695 4387 πόθους
718 4315 882 4390 δέσποινα,
905 4323 958 4377 καὶ
980 4317 1016 4380 σύ
1038 4316 1197 4396 δακρύεις,

436 4423 491 4478 καὶ
511 4421 555 4490 τίς
575 4420 699 4499 βοηθός
720 4425 781 4480 τῶν
802 4422 877 4501 παρ’
899 4421 974 4501 ἡμῖν
996 4421 1155 4502 δακρύων,

440 4521 486 4608 λεί
508 4525 561 4582 καὶ
584 4520 621 4585 οὐ
642 4527 774 4601 πάσχεις
796 4525 872 4597 άξια
895 4523 1099 4606 θρηνῳδέας,·

435 4627 479 4697 τίς
500 4623 590 4690 έλπὶς
611 4624 707 4708 ἄλλης
729 4630 774 4699 τίς
794 4627 1008 4712 παράκλησις,
1032 4633 1167 4710 (γράσον.

393 4728 415 4792 5
437 4731 490 4788 καί
511 4730 574 4810 μην
594 4728 688 4810 έχρῆν
710 4746 744 4791 σε
765 4729 890 4809 μᾶλλον
911 4729 1057 4810 εὐθύμως
1079 4732 1169 4810 ἔχειν,

437 4834 604 4916 ἄνθρωπε,
627 4839 758 4917 χρηστοῦ
779 4838 833 4900 τού
853 4837 960 4910 τέλους
982 4840 1203 4918 προκειμένου·

1727 2765 1837 2834 καμηίῶ
1847 2762 1935 2819 codex

1736 2855 1786 2907 per
1804 2837 1923 2906 scriptu·

1727 2926 1775 2964 rao
1807 2925 1935 2977 compen·

1727 2980 1804 3033 dium
1835 2979 1934 3032 Stude·

1728 3052 1812 3104 mund

1730 3950 1757 3984 u
1776 3931 1869 3986 Colone
1883 3949 1907 3998 3,
1919 3949 1934 3998 ς
