4560 6172
1769 562 1811 627 53

217 726 349 806 ἀροῦσιν
371 724 418 810 (εὖ
440 727 529 813 ολδα)
550 730 642 807 μέχρι
665 727 800 802 παντός,
831 727 877 809 μῆ
906 749 982 790 ποτε
1011 725 1202 813 προσκόψης
1232 728 1313 805 πρὸς
1334 727 1432 788 λίθον
1453 731 1506 789 τὸν
1531 726 1619 791 πόδα
1642 747 1708 807 σου,
1730 732 1810 815 μηδὲ

216 830 331 909 μάστιξ
352 830 457 918 ἐγγίση
482 848 532 894 σοι
553 828 695 914 τοιαύτης
717 830 878 913 διαβολῆς.

306 937 401 1002 103.
424 934 454 998 δ.
489 935 576 996 1Ιίαὶ
597 942 779 1012 γειτονικοίς
801 933 938 1006 δικαίοις
960 934 1041 1012 πρὸς
1062 937 1097 995 σε
1120 938 1175 994 καὶ
1198 931 1336 1015 φιλικοῖς
1360 939 1496 1015 θαρρείν
1517 937 1637 1014 ἔχοντες
1658 936 1693 998 ἐκ
1716 942 1809 1000 πατέ-

218 1056 284 1116 ρων
306 1035 365 1117 ῆδη
389 1035 458 1120 λιταί
480 1037 622 1110 ἀνωθεν,
644 1040 681 1098 ἓν
701 1037 752 1098 ἐπ’
773 1035 967 1117 ἀμφοτέροις
985 1037 1143 1113 αἰτοῦμεν,
1165 1035 1274 1110 ἀγαθὲ
1286 1035 1419 1117 πλησίον
1430 1041 1483 1099 καί
1493 1048 1604 1114 γεῖτον,
1627 1040 1666 1101 δν
1751 1042 1809 1106 45⁸

218 1141 422 1219 προσάγομεν
443 1142 551 1204 τοῦτον
574 1138 629 1200 διά
650 1142 793 1220 γραφῆς,
824 1149 887 1212 τοῖς
912 1138 1150 1221 ύπογραφεῦσιν
1177 1139 1348 1220 ἐνταγῆναι
1370 1146 1423 1221 τῆς
1444 1143 1641 1221 περιφανοῦς
1662 1142 1809 1217 ἐξουσίας

219 1256 285 1304 σου.
330 1241 405 1322 2τῆν
428 1240 457 1303 δ’
480 1238 646 1303 ἀντίθεσιν
668 1241 729 1322 όρα
752 1260 801 1303 σοι
826 1241 1039 1323 διαλυομένην
1061 1240 1198 1323 ῥᾳδίως·
1234 1242 1315 1321 ἐρείς
1336 1243 1398 1323 γάρ
1421 1241 1469 1328 (εὖ
1491 1243 1578 1328 οίδα)
1602 1243 1648 1306 δτι
1670 1244 1809 1319 πολλοῦς

217 1349 271 1405 καί
297 1342 416 1415 ἀλλους
442 1342 597 1420 τοιούτους
622 1341 683 1409 ύπδ
712 1348 764 1425 τῆς
793 1343 978 1417 δυναστείας
1007 1346 1251 1426 ἐπεφορτίσθης.
1308 1343 1398 1436 3ἀλλ’
1427 1347 1456 1407 εἰ
1485 1345 1653 1408 δυναστεία
1675 1353 1808 1413 τοσαῦτα

217 1448 307 1525 παρά
330 1452 379 1508 σοί
403 1447 550 1520 δύναται,
575 1450 610 1532 τῆ
633 1444 762 1533 ἀγάπη,
785 1446 966 1527 θαυμάσιε,
997 1447 1107 1526 χῶραν
1128 1449 1207 1523 μίαν
1230 1446 1267 1509 οῦ
1289 1447 1418 1523 δῶσεις,
1451 1455 1506 1511 καί
1527 1455 1622 1514 ταῦτα
1643 1453 1807 1531 βραχεῖαν,

219 1550 236 1611 ὃ
260 1552 457 1631 θερμότατος
479 1547 589 1628 ταύτης
610 1549 741 1629 ἐραστῆς
762 1573 793 1610 τε
815 1554 869 1610 καί
891 1549 1103 1631 σπουδαστῆςς
1138 1550 1272 1622 *δῶσεις
1294 1550 1417 1633 δηλαδῆ
1439 1557 1492 1611 καὶ
1513 1552 1664 1634 μεγάλην,
1697 1558 1758 1615 κάν
1779 1556 1809 1617 εί

217 1657 271 1713 καί
293 1652 437 1733 τοιαύτην
458 1652 706 1734 ἐπιζητῆσαιμεν.
752 1652 803 1713 δεἰ
835 1650 888 1716 οῦν
917 1651 972 1717 ούκ
1002 1653 1048 1726 εἰς
1074 1654 1177 1734 μάτην
1205 1650 1280 1734 ῆμίν
1312 1651 1330 1732 ῆ
1363 1659 1434 1733 περί
1467 1657 1523 1718 σοῦ
1549 1662 1603 1714 καὶ
1632 1659 1731 1729 πίστις
1754 1663 1808 1719 καί

215 1758 383 1838 μαρτυρία,
406 1755 439 1817 τδ
462 1757 568 1833 παρὸν
591 1760 703 1836 σαφῶς
725 1755 831 1829 δείξει.
875 1756 949 1816 6καί
969 1759 1024 1831 μοί
1045 1759 1166 1836 χαίρων
1187 1753 1324 1832 ύγίαινε,
1358 1761 1411 1818 καί
1434 1759 1515 1835 πρδς
1535 1757 1659 1837 μείζους
1680 1759 1724 1821 ἔτι
1745 1764 1808 1838 βα-

217 1859 321 1937 θμοῦς
342 1861 552 1940 περιφανείας
573 1865 626 1918 καὶ
649 1857 745 1934 δυξης
767 1857 899 1936 ἀνυψοῦ
917 1865 969 1918 καὶ
993 1857 1160 1936 ἀνάβαινε.

304 1966 398 2029 loll.
429 1984 454 2024 ε.
502 1961 582 2032 1’λ’ίς
604 1961 783 2040 προσέβαλε
805 1956 894 2043 φήμη
918 1964 995 2040 παρ’
1019 1960 1154 2034 ἐλπίδας
1175 1958 1270 2043 ῆμτν,·
1294 1956 1377 2040 ῆμάς
1398 1962 1640 2040 χαρτοφύλακας
1664 1960 1683 2025 δ
1708 1966 1805 2038 καλδς

215 2063 338 2142 ἑταῖρος
358 2073 543 2143 χειροτονεϊς
566 2064 651 2144 η’μάς
672 2064 718 2134 εἰς
739 2064 911 2143 πράγματα
934 2067 1042 2146 φέρει,
1076 2068 1130 2123 καί
1157 2065 1211 2128 τοῦ
1233 2069 1341 2126 κοινοῦ
1367 2064 1544 2142 προστάτας
1572 2066 1786 2144 προβάλλεται
1794 2094 1806 2145 ,·

217 2168 287 2239 τούς
299 2172 336 2229 τά
353 2171 436 2245 μέσα
452 2169 577 2246 φεύγειν
591 2165 848 2240 ἐσπουδακόταςς
872 2166 940 2236 τοῦς
957 2171 990 2227 τό
1008 2165 1107 2227 Λάθε
1117 2165 1245 2243 βιῶσας,
1259 2168 1346 2243 εἴπερ
1360 2189 1405 2237 τις
1418 2169 1528 2246 ἕτερος,
1554 2168 1663 2253 ητιμάν
1749 2173 1806 2237 46¹

214 2268 389 2349 ἐγνωκότας
395 2299 407 2347 3
437 2272 504 2341 τοὺς
525 2268 593 2333 οὐδ’
615 2268 715 2329 ἀλλον
738 2266 858 2349 ῥᾳδίως
878 2267 1023 2329 ἐπαινεῖν
1045 2268 1173 2346 ἔχοντας
1194 2268 1277 2341 ὅστις
1298 2267 1412 2330 ἑαυτὸν
1430 2269 1475 2341 είς
1499 2266 1640 2353 ὀχλήσεις
1661 2278 1806 2348 τοιαύτας

213 2373 388 2452 ἐπιρρίπτει
410 2378 464 2433 καί
487 2372 676 2454 πράγματα,·
717 2372 792 2432 ἳτὸν
822 2368 876 2434 ούν
903 2370 983 2435 οὕτω
1012 2375 1072 2451 μὲν
1100 2370 1229 2450 ἔχοντα,
1263 2371 1390 2453 τοιούτῳ
1419 2371 1455 2432 δὲ
1480 2375 1540 2455 βίῳ
1570 2377 1661 2454 παρά
1690 2381 1805 2458 μικρόν

213 2475 432 2557 ἐγγηράσαντα
453 2474 515 2537 ἔστι
538 2479 594 2539 νῦν
616 2476 697 2553 πρὸς
726 2474 888 2555 ἀλήθειαν
916 2472 1017 2535 ῶθῶν
1046 2496 1090 2546 τις
1119 2474 1165 2546 είς
1193 2476 1309 2552 μέσον,
1343 2478 1398 2534 καὶ
1424 2475 1570 2552 πράττειν
1598 2482 1674 2550 νέας
1704 2478 1805 2559 ἀρχάς

214 2583 267 2638 καί
290 2577 452 2638 πολιτείαν
474 2574 610 2640 κελεύων
631 2577 667 2651 ἐξ
687 2575 831 2657 ὑπαρχῆς
851 2581 1009 2653 μετιέναιγ
1043 2574 1262 2659 8εῦφῆμησυν,
1293 2576 1461 2657 ἄνθρωπε.
1488 2577 1597 2655 ἀπαγέ
1617 2603 1673 2659 μοι
1694 2581 1803 2647 τούτου

214 2683 333 2743 καὶτοῦ
348 2680 442 2754 λόγου
459 2685 513 2740 καὶ
527 2684 580 2745 τοῦ
594 2684 729 2744 σκοποῦ·
753 2678 835 2758 όρᾴς
846 2682 907 2760 γάρ
920 2679 963 2751 ῶς
985 2677 1041 2765 [οῦ]
1067 2680 1154 2741 πάνυ
1166 2678 1396 2759 φιλοδοξοῦμεν
1418 2678 1516 2760 ῆμείς.
1538 2685 1558 2765 ῆ
1580 2686 1633 2767 τῆν
1653 2685 1804 2761 ἐξουσίαν

214 2783 441 2863 θαυμάζομενς
464 2785 484 2863 ῆ
506 2786 586 2862 πρός
609 2782 794 2853 δυναστείας
816 2786 870 2841 καί
886 2782 1026 2860 θρόνους
1047 2785 1101 2841 καί
1121 2785 1213 2858 τιμάς
1233 2779 1440 2863 ἐπτοῆμεθας
1461 2781 1507 2856 οίς
1527 2784 1583 2847 τόν
1605 2787 1710 2848 πάντα
1732 2792 1804 2867 βίον

211 2888 357 2967 ἐξῆρκεσε
385 2889 520 2966 βραχεῖα
547 2889 665 2960 γοινία,
703 2890 756 2945 καὶ
792 2888 826 2944 τό
857 2888 938 2964 πρὸς
972 2881 1100 2956 ἑαυτούς
1132 2888 1186 2945 καὶ
1217 2886 1298 2946 θεὸν
1327 2883 1383 2946 διά
1416 2887 1534 2958 παντός
1568 2887 1803 2972 ἐπεστράφθαι.

211 2989 342 3061 4ἀλλως
370 3010 401 3050 τε
430 2990 491 3049 κάν
519 2988 607 3049 πάνυ
635 3009 679 3059 τις
708 2985 727 3074 η’
757 2990 917 3065 περικαῶς
938 2984 1135 3065 διακείμενος
1156 2989 1236 3067 πρὸς
1258 2988 1358 3067 ἔρωτα
1386 2985 1498 3068 δόξης,
1531 2993 1600 3062 πῶς
1627 2995 1670 3053 ἀν
1690 2993 1727 3055 ἐν
1748 3017 1802 3058 το-

212 3095 311 3175 σούτῳ
339 3093 467 3170 χειμῶνι
494 3095 548 3150 καί
574 3093 702 3171 ταράχῳ
731 3089 928 3168 πραγμάτων
956 3092 998 3172 μῆ
1026 3088 1073 3151 ὅτι
1099 3093 1310 3170 πιστευθῆναι
1339 3087 1507 3171 πηδάλιον,
1539 3091 1583 3164 ὠς
1604 3093 1698 3168 αῦτδς
1720 3096 1803 3179 ῆμᾶς

214 3192 330 3270 ἀξιοῖς,
363 3193 437 3255 ἀλλ’
463 3195 484 3275 ῆ
511 3193 652 3273 πρωρεύς
682 3196 872 3272 καταστῆναι
907 3192 927 3273 ῆ
955 3194 1008 3251 καί
1036 3192 1147 3273 ναύτης
1172 3194 1325 3268 γενέσθαι
1355 3196 1387 3256 τὸ
1422 3192 1600 3256 τελευταίαν
1632 3202 1803 3283 προθυμη-

212 3302 286 3382 θείη
310 3301 363 3359 καλ
386 3297 528 3370 δέξαιτο,
552 3296 690 3377 λογισμῷ
712 3316 743 3354 τε
765 3293 909 3375 σοίφρονι
930 3292 1107 3373 χρεόμενος,
1142 3300 1196 3355 καί
1225 3293 1405 3375 ἀσφαλείας
1427 3294 1510 3368 ὅλως
1533 3297 1803 3382 ἀντιποιούμενος,

213 3401 288 3464 δέον
317 3400 413 3482 ἡσυχῆ
446 3401 657 3459 κατακεῖσθαί
684 3417 747 3458 που
775 3397 901 3474 μᾶλλον
908 3443 918 3471 ,
943 3396 947 3482 ί
972 3397 1268 3476 συγκεκαλυμμένον
1297 3402 1351 3457 καί
1380 3402 1533 3476 τρέμοντα
1568 3405 1656 3483 παρὰ
1745 3407 1803 3471 46²

211 3506 266 3588 τῆν
288 3504 422 3565 ἀντλίαν
443 3498 551 3583 αὐτην,
575 3506 627 3560 καὶ
649 3504 795 3563 τοσοῦτον
808 3504 886 3574 γοῦν
907 3499 1056 3564 ἐντεῦθεν
1071 3500 1348 3580 παροκερδαίνειν,
1373 3499 1450 3564 ὅσον
1468 3503 1524 3574 τὰς
1538 3503 1625 3577 έκτδς
1640 3512 1803 3586 τρικυμίας

212 3613 266 3670 καὶ
294 3612 348 3670 τδν
377 3607 575 3683 ἐπικείμενον
608 3602 756 3663 κίνδυνον
788 3612 851 3673 τοίς
882 3600 939 3662 ῶσλ
967 3605 1027 3680 μὲν
1054 3601 1195 3678 ἀκούειν,
1231 3605 1274 3684 μῆ
1304 3608 1456 3683 καθορᾶν
1491 3604 1527 3666 δὲ
1558 3617 1623 3680 τοῖς
1651 3609 1801 3688 ὄμμασιν.

213 3712 407 3794 δἐπειδήπερ
430 3715 483 3771 καί
505 3712 592 3773 τοῦτο
615 3705 780 3788 ρᾳστῶνην
801 3705 868 3767 οίδε
891 3710 1002 3788 φέρειν
1024 3711 1093 3768 τινά
1117 3713 1171 3768 καί
1193 3707 1373 3787 κουφισμὸν
1398 3708 1434 3768 ἐν
1465 3707 1595 3783 δεινοῖς,
1624 3713 1659 3772 τδ
1692 3714 1802 3797 πόρρω

211 3821 264 3881 τοῦ
287 3819 385 3877 κακοῦ
406 3815 461 3893 τῆν
484 3813 567 3888 ὄφιν
589 3809 739 3885 ἀπάγειν,
762 3811 824 3870 κάν
844 3809 886 3890 μῆ
911 3814 965 3870 καί
986 3813 1041 3891 τῆν
1063 3809 1164 3892 ἀκοῆν
1186 3809 1315 3890 δύνηταί
1336 3831 1389 3887 τις,
1416 3811 1435 3890 ῆ
1456 3813 1511 3871 τόν
1525 3810 1673 3875 κλύδωνα
1690 3814 1803 3890 τελέως

212 3919 301 3991 ἐκδὺς
323 3924 377 3978 καί
400 3918 501 3997 ῥίψας
523 3913 637 3977 ἑαυτόν
658 3912 704 3984 είς
724 3916 784 3992 γῆν
805 3912 876 3985 ἔξω,
900 3913 920 3994 ῆ
941 3911 1113 3976 καθεύδων
1133 3913 1169 3986 ἐξ
1191 3912 1341 3994 ἀκηδίας,
1373 3911 1415 3982 ῶς
1438 3915 1471 3973 τδ
1493 3921 1569 3993 πρίν
1589 3916 1713 3992 ’[ωνάς,
1748 3925 1803 3981 καί

210 4025 265 4104 τῆν
288 4024 440 4100 αἴσθησιν
462 4018 540 4082 οὕτω
564 4022 615 4097 τῆς
638 4014 770 4094 ἀπειλῆς
793 4014 985 4094 διαφεύγων.
1031 4015 1137 4079 6τοῦτο
1168 4015 1206 4096 δῆ
1237 4021 1290 4076 καί
1313 4017 1485 4095 ποιῆσομεν
1506 4017 1560 4097 ἐφ’
1582 4016 1659 4079 ὅσον
1680 4018 1802 4083 ἑαυτῶν

210 4123 304 4202 ἐσμὲν
326 4122 441 4199 κύριοι·
464 4120 525 4191 ἔξω
549 4118 649 4179 σάλου
672 4123 725 4177 καί
748 4116 843 4200 ζάλης
865 4117 970 4197 ῶσπερ
992 4118 1104 4196 ἔχομεν
1126 4121 1192 4192 νῦν,
1215 4117 1377 4195 διαμένειν
1393 4121 1629 4198 πειρασόμεθα,
1652 4128 1706 4182 καί
1721 4127 1800 4186 καθ’

211 4224 288 4288 ὅσον
311 4222 379 4285 οίόν
399 4246 440 4295 τε,
463 4227 516 4285 τοῦ
538 4220 705 4302 ἀσφαλοῦς
728 4220 952 4299 ἀνθεξόμεθα.
998 4217 1035 4282 ἵύ
1056 4222 1188 4299 βαθμὸς
1210 4220 1246 4281 δὲ
1268 4224 1323 4282 τὸν
1344 4221 1437 4293 ἀξιον
1453 4219 1574 4304 εύρῆσει
1593 4229 1682 4302 παρά
1704 4228 1802 4291 θεοῦ·

211 4330 340 4399 πάντως
362 4328 423 4404 γάρ
445 4323 501 4389 οῦκ
522 4323 649 4396 ἐξέλιπε
672 4327 725 4383 καί
748 4329 801 4386 νῦν
823 4323 960 4406 εῦλαβῆς
982 4321 1048 4385 ἀπὸ
1070 4329 1122 4406 τῆς
1144 4328 1216 4404 γῆς,
1240 4324 1307 4385 κατ’
1329 4324 1450 4386 ἐκεῖνον
1472 4329 1527 4386 τόν
1549 4326 1653 4389 πάλαι
1676 4350 1800 4411 προφη-

209 4433 296 4493 τικδν
319 4426 477 4508 ὀδυρμόν,
509 4425 580 4488 ἀλλ’
608 4426 671 4488 ἔστι
699 4448 745 4497 τις
774 4424 818 4487 ἔτι
848 4431 966 4487 συνιῶν
995 4427 1031 4488 ἐν
1060 4426 1252 4507 ἀνθρώποις
1280 4432 1332 4487 καὶ
1362 4424 1480 4498 ἱκανῶς
1510 4429 1591 4506 ἔχων
1613 4435 1725 4513 ταύτην
1747 4436 1802 4515 τῆν

209 4532 310 4614 καλῆν
343 4530 539 4607 λειτουργίαν
573 4528 775 4609 ἐκπληρῶσαι
811 4527 846 4615 τῆ
881 4528 1036 4610 ἐκκλησίᾳ.
1083 4528 1210 4594 8τοῦτον
1242 4532 1281 4611 δῆ
1317 4537 1370 4589 καί
1407 4529 1589 4612 ζητείτωσαν
1626 4532 1657 4595 οἳ
1689 4535 1802 4617 ταύτην

209 4635 455 4712 οἰκονομοῦντες.
482 4628 570 4712 ῆμείς
594 4630 598 4714 Ι
623 4631 659 4693 δὲ
680 4635 714 4693 τὸ
749 4632 864 4711 μέτρον
892 4630 1014 4693 ἑαυτῶν
1035 4629 1069 4696 εὗ
1090 4632 1224 4706 εἰδότες,
1259 4637 1311 4692 καί
1334 4635 1389 4693 τόν
1409 4655 1441 4693 τε
1464 4633 1556 4708 ζυγόν
1577 4633 1655 4716 ὑπὲρ
1742 4638 1800 4702 47¹

205 4847 228 4901 P
260 4780 294 4900 l6
314 4773 406 4827 matth
424 4793 449 4838 4,
467 4777 482 4824 6
500 4771 593 4828 Psalm
612 4791 650 4840 90,
664 4772 714 4841 ιιΙ
736 4790 749 4838 3
769 4771 880 4842 signum
897 4772 1129 4842 interrogationis
1146 4792 1199 4845 ego
1216 4773 1312 4830 codice
1330 4775 1421 4830 invito
1439 4776 1520 4846 posui
1536 4783 1570 4844 17
1590 4776 1730 4832 Michaeas
1746 4798 1769 4846 7,
1788 4801 1803 4834 τ

228 4863 380 4913 ωωητ
