4560 6172
354 554 439 622 1⁸5
1883 561 1942 626 1⁷1

351 723 408 804 τῆν
433 720 575 804 μεγάλην
605 724 659 784 τοῦ
691 724 763 801 βίου
792 726 846 785 καί
875 727 993 804 πικράν
1022 725 1137 807 ταύτην
1167 726 1351 790 θάλασσαν.
1384 731 1438 789 καὶ
1468 727 1604 809 οὐδεμία
1627 748 1671 801 τις
1692 731 1783 807 τέχνη
1806 729 1887 807 πρός
1908 730 1942 792 τό

352 825 460 890 δεινόν
482 820 596 907 ἶκανῆ,
620 821 678 903 οόχ
699 823 786 905 ὅρος,
811 825 851 889 ου’
871 826 963 906 κάρος
986 831 1037 908 τῆς
1059 828 1179 910 πληγῆς
1200 835 1254 892 καί
1276 834 1328 913 τῆς
1351 829 1535 914 θραύσεως·
1571 829 1653 914 πρός
1678 835 1740 911 γάρ
1770 834 1860 893 τοῦτο
1884 834 1942 895 νῦν

348 927 478 1007 μᾶλλον
510 925 568 1011 (ῶς
590 926 707 1014 εἰπεῖν)
739 928 961 1013 ἀνερράγησαν
992 929 1027 992 αἱ
1054 935 1158 994 πᾶσαι
1186 942 1250 1007 τοῖς
1277 931 1470 1013 ἀνθρώποις
1491 933 1682 1012 έπιθυμίαι,
1717 938 1771 996 καὶ
1794 932 1942 1015 ζητοῦμεν

350 1030 468 1102 πάντες
489 1031 528 1092 τά
551 1031 629 1110 παρ’
650 1029 770 1116 ἑκάστῳ
793 1036 846 1093 καλ
869 1035 905 1094 τά
929 1037 1061 1098 πάντων
1082 1037 1211 1108 ἕκαστος
1232 1037 1331 1115 ἔχειν,
1362 1037 1441 1097 καθ’
1464 1036 1547 1118 ἀπερ
1579 1035 1657 1119 δλην
1687 1037 1745 1119 τῆν
1768 1039 1827 1119 χῆν
1849 1034 1942 1111 αῦτδς

349 1132 450 1212 μόνος
473 1132 583 1195 θέλων
606 1133 704 1198 οίκείν
727 1139 781 1196 καὶ
799 1136 923 1218 μηδένα
944 1137 1141 1217 βουλόμενος
1170 1137 1283 1202 ἑαυτοῦ
1311 1139 1442 1218 βλέπειν
1469 1142 1604 1216 γείτονα.
1693 1139 1720 1179 ²⁰
1730 1137 1944 1219 ἀπειροκαλία

350 1236 386 1299 δὲ
408 1239 532 1318 περιττῆ
555 1239 609 1296 καί
631 1234 765 1317 ἀκαιρία
788 1238 874 1322 δεινῆ
897 1243 951 1300 καὶ
972 1238 1145 1322 μαεαιάτης
1166 1241 1264 1314 ὄντως
1288 1241 1292 1328 Ι
1317 1244 1388 1324 περὶ
1409 1243 1464 1324 τῆν
1486 1245 1617 1325 οἴκησιν,
1651 1241 1795 1325 φλυαρία
1860 1242 1937 1308 240¹

350 1362 380 1401 τε
403 1338 529 1421 πλείστη
552 1343 605 1399 καλ
626 1340 729 1421 τρυφῆ
752 1346 806 1402 καί
826 1342 978 1422 βλακεία*
1008 1346 1062 1404 καὶ
1084 1347 1234 1425 συμφορά
1257 1347 1394 1406 παντοία
1417 1351 1488 1425 περὶ
1509 1347 1565 1430 τῆν
1587 1346 1713 1408 δίαιταν
1736 1349 1789 1405 καὶ
1812 1345 1941 1426 θρύψις

350 1439 530 1514 ἀκόλαστος
552 1445 605 1502 καὶ
627 1441 736 1522 χλιδῆς
759 1445 850 1505 ἀπαν
871 1443 957 1517 είδος
978 1449 1031 1505 καί
1054 1449 1159 1528 σαφῆς
1180 1445 1341 1528 έμπληξία
1364 1452 1436 1526 περὶ
1456 1450 1512 1529 τῆν
1533 1445 1648 1527 λοιπῆν
1671 1449 1862 1527 θεραπείαν.
1885 1449 1940 1508 καί

351 1569 396 1619 τις
417 1545 510 1628 ζῆλος
530 1546 677 1626 ἐμπίπτει
700 1553 753 1606 καὶ
775 1546 902 1627 σφοδρά
926 1551 1034 1610 κακῶν
1056 1547 1198 1627 ἅμιλλα,
1229 1551 1354 1624 γυναιξὶ
1384 1550 1444 1627 μὲν
1465 1553 1545 1629 πρδς
1568 1548 1708 1629 ἀνδρας,
1742 1548 1881 1629 ἀνδράσι
1903 1550 1939 1613 δὲ

350 1650 432 1732 πρός
452 1659 623 1724 χυναίκας·
653 1658 807 1724 γυναῖκας
828 1688 871 1697 -
903 1654 929 1712 ῶ
956 1654 984 1713 τί
1012 1653 1081 1713 ποτ’
1103 1653 1145 1712 ἀν
1174 1649 1272 1728 ἀξίως
1300 1653 1467 1731 προσείποι
1496 1674 1540 1725 τις
1568 1653 1603 1714 τό
1634 1651 1825 1730 λυμαντικδν
1850 1658 1940 1715 τοῦτο

353 1751 434 1836 ζηίον
456 1754 508 1834 τῆς
530 1748 742 1832 ἀνθρωπίνης
772 1752 850 1836 ζωῆς
878 1758 932 1814 καὶ
955 1755 1162 1835 φθοροποιὸν
1195 1759 1249 1817 καὶ
1277 1753 1466 1834 ἀρχέκακον,
1496 1750 1523 1838 ηδ
1550 1754 1682 1817 πολλῶν
1709 1753 1773 1816 ἔδει
1803 1755 1940 1833 κόσμων,

352 1852 424 1917 ἀλλ’
446 1852 504 1933 ούχ
533 1852 623 1929 ἑνός,
657 1859 712 1917 ίυα
744 1857 860 1929 πάντες
889 1855 969 1935 ὁμοῦ
1000 1860 1290 1937 συναθροισθέντες
1320 1859 1366 1930 είς
1386 1860 1430 1931 έν,
1461 1855 1558 1930 οὗτος
1585 1860 1628 1918 ἀν
1655 1855 1827 1938 δξῆρκεσαν
1848 1856 1940 1936 μόλις

350 1966 419 2031 ταῖς
441 1955 615 2038 ἀπλῆστοις
637 1955 734 2022 αὐτοῦ
756 1964 809 2019 καί
832 1957 1025 2030 α’καθέκτοις
1046 1960 1254 2040 ἐπιθυμίαις,
1283 1964 1338 2021 καὶ
1358 1963 1392 2022 τό
1421 1960 1550 2040 ἄμαχον
1575 1962 1665 2022 τοῦτο
1687 1963 1741 2020 καί
1762 1961 1818 2041 τῆν
1838 1959 1941 2039 βοράν

350 2058 573 2124 ἀνυπόστατον
602 2063 720 2143 θηρίον
750 2060 946 2145 ὑπέστησαν·
978 2066 1035 2125 νῦν
1066 2062 1102 2125 δὲ
1131 2067 1186 2126 τόν
1215 2061 1380 2144 ὁρεόμενον
1410 2064 1519 2126 τοῦτον
1546 2063 1666 2141 κόσμον
1693 2062 1748 2124 ιδν
1777 2064 1851 2137 ένα,
1885 2064 1940 2125 τόν

353 2163 394 2226 δι’
415 2163 538 2245 έκείνην
560 2167 679 2246 θνητόν
700 2168 754 2226 καί
776 2167 956 2246 πολυπαθῆ
979 2169 1032 2227 καλ
1054 2165 1274 2245 πολύμοχθον,
1297 2166 1519 2249 σπαράττουσα
1542 2163 1582 2227 δι’
1597 2163 1675 2227 ὅλου
1690 2169 1743 2226 καὶ
1759 2163 1940 2230 δαπανῶσα

354 2271 407 2328 καὶ
440 2268 587 2347 κείρουσα
616 2267 792 2330 κινδυνεύει
823 2269 1031 2331 παντάπασιν
1053 2266 1222 2330 ἀναλῶσαι
1254 2272 1308 2331 καὶ
1337 2268 1533 2349 διαφθεῖραι
1560 2269 1674 2350 μικροῦ
1706 2267 1775 2330 δείν
1807 2268 1866 2350 ῆδη
1898 2272 1942 2356 τῷ

353 2370 475 2434 πλείονι
496 2373 584 2450 μέρει
607 2375 889 2449 κατειργασμένον·
923 2375 1003 2452 πρός
1025 2370 1108 2452 άπερ
1132 2369 1174 2434 αὖ
1196 2371 1297 2434 πάλιν
1318 2369 1351 2433 οἱ
1371 2370 1487 2452 ἀνδρες
1508 2371 1742 2450 έρεθιζόμενοι,
1766 2371 1842 2433 δέον
1863 2375 1940 2457 βοη-

348 2475 439 2560 -ίθείν
460 2478 514 2536 καί
536 2470 760 2536 ἀνθίστασθαι
782 2479 825 2559 τῶ
847 2477 936 2558 κακῶ
958 2476 1037 2536 κατά
1062 2473 1183 2555 κράτος,
1207 2474 1443 2557 φιλονεικοῦσιν
1463 2473 1507 2546 είς
1530 2473 1669 2554 δύναμιν
1689 2475 1726 2537 έν
1740 2484 1804 2548 τοῖς
1860 2476 1940 2542 240⁹

351 2580 475 2659 ὁμοίοις
490 2580 594 2651 νικᾶν,
618 2581 672 2636 καὶ
686 2580 775 2638 τοῦτο
789 2578 891 2656 μόνον
907 2575 1107 2657 ἀνδρίζονται
1122 2577 1277 2658 λαμπρῶς
1293 2581 1347 2638 καὶ
1360 2579 1523 2654 γενναίως,
1545 2575 1592 2638 ότι
1611 2581 1772 2653 γυναικῶν
1793 2575 1849 2640 οῦκ
1864 2575 1939 2641 ἀνέ-

350 2703 463 2762 χονται
484 2689 553 2752 ταῖς
575 2677 761 2761 ἀπληστίαις
784 2677 958 2760 ῆττάσθαι·
982 2677 1063 2741 ὅθεν
1081 2681 1172 2756 γένος
1187 2678 1337 2761 ἑκάτερον
1351 2675 1539 2758 ὑπέκκαυμα
1553 2681 1672 2755 γίνεται
1684 2681 1737 2760 τῆς
1755 2685 1827 2760 περὶ
1842 2685 1939 2746 ταῦτα

354 2783 468 2867 λύσσης
491 2785 631 2866 θατέρῳ,
655 2786 709 2843 καὶ
731 2784 763 2844 τό
787 2786 849 2862 πῦρ
872 2786 924 2865 τῆς
946 2782 1082 2861 ἀκαίρου
1105 2786 1186 2863 πρός
1207 2782 1366 2865 ἀλλήλους
1388 2782 1568 2865 φιλοτιμίας
1588 2781 1633 2855 είς
1656 2782 1807 2863 αἰθέριον
1830 2782 1938 2865 φλόγα

351 2889 573 2966 συνεξαίρουσι
600 2890 653 2946 καί
676 2885 896 2961 συναύξουσιν,
929 2884 972 2958 ῶς
1001 2889 1055 2946 καὶ
1076 2888 1254 2965 Συβαρίτας
1282 2885 1354 2967 άρτι
1389 2889 1444 2946 καὶ
1466 2883 1604 2966 Μῆδουτ
1633 2889 1686 2947 καί
1714 2887 1745 2947 εἴ
1771 2909 1815 2958 πς
1840 2887 1939 2964 ἀλλος

352 2995 414 3053 τῶν
436 2994 513 3071 πρὶν
535 2989 586 3051 ἐπ’
610 2987 730 3067 ἀσωτίᾳ
765 2994 817 3049 καὶ
840 2987 927 3071 ὕβρει
949 2992 1003 3049 καὶ
1024 2991 1128 3077 τρυφῆ
1157 2988 1326 3071 διαβόητος
1346 2986 1447 3071 μηδὲν
1469 2992 1550 3067 πρὸς
1571 2986 1655 3069 ῆμᾶς
1677 2994 1940 3070 συγκρινομένους

355 3092 549 3170 λοχίζεσθαι,
571 3094 651 3172 πρός
676 3093 759 3173 ῆμάς
775 3130 808 3142 -
837 3087 865 3152 ῶ
885 3090 979 3170 νόμοι
1000 3096 1098 3153 τεκαὶ
1118 3101 1217 3171 χείρες
1240 3095 1329 3167 θεοῦ,
1351 3093 1420 3164 τοῦς
1441 3088 1639 3169 άνομοῦντας
1661 3093 1939 3173 παραλαμβάνου-

351 3213 460 3272 σαι-,
485 3193 531 3268 οίς
546 3193 562 3257 δ
579 3194 669 3278 ζῆλος
680 3198 742 3258 τῶν
756 3198 872 3275 κρίνων
894 3191 976 3276 καὶῆ
992 3198 1054 3256 τῶν
1077 3198 1203 3277 πτηνῶν
1224 3194 1440 3256 έπιτάσσεται*
1460 3194 1588 3276 μίμησις
1610 3190 1652 3266 ῶς
1674 3191 1940 3274 ἀπραχμάτευτον

350 3303 412 3381 μέν
439 3303 494 3360 καὶ
516 3300 661 3373 ἄσκευον,
697 3299 903 3380 ἀνυστέρητον
932 3296 960 3358 δ’
983 3298 1068 3373 ὅμως
1097 3296 1324 3376 διοικουμένων
1347 3296 1509 3377 διοίκησιν,
1538 3297 1607 3367 τούς
1628 3297 1706 3356 καθ’
1727 3294 1859 3379 ἑκάστην
1879 3302 1939 3376 μὲν

343 3404 422 3477 ,τούς
446 3405 585 3482 πτωχοὺς
606 3399 896 3484 μακαριζομένους*
919 3404 972 3460 καὶ
994 3398 1227 3478 ῦμνουμένους,
1258 3401 1327 3470 τοὺς
1357 3398 1394 3460 δὲ
1423 3397 1594 3470 πλουσίους
1615 3397 1778 3472 δυσκόλως
1800 3400 1938 3482 σῳζομέ-

350 3509 442 3581 νους*
463 3505 660 3580 ἀκούοντας,
696 3502 844 3582 ἑκατέρου
874 3502 911 3565 δὲ
940 3502 1055 3565 τούτων
1079 3499 1192 3584 ἱκανῆν
1215 3500 1384 3576 ἀπόδειξιν
1409 3502 1537 3580 ἔχοντας
1559 3501 1650 3583 έτερά
1671 3524 1703 3563 τε
1725 3502 1850 3578 πολλά,
1884 3509 1938 3566 καί

351 3613 413 3692 πρό
437 3612 566 3673 πάντων
591 3612 611 3691 ῆ
639 3612 693 3669 καὶ
716 3605 786 3668 α’ντι
814 3604 944 3668 πάντων
964 3613 1018 3665 τόν
1040 3605 1172 3689 ἀῆθλιον
1193 3605 1315 3667 ἐκεῖνον
1336 3607 1389 3686 τῆς
1411 3603 1531 3685 φλογός
1559 3603 1711 3667 πλούσιον
1739 3609 1793 3666 καὶ
1858 3608 1938 3672 241¹

349 3719 402 3778 τὸν
424 3711 592 3777 ἀντίθετον
614 3708 699 3795 αὐτῶ
722 3714 773 3792 τῆς
795 3708 932 3781 ἀνέσεως
953 3707 1135 3788 Λάζαρον*.

437 3817 516 3880 21Τί
537 3820 632 3881 ταῦτα
657 3818 830 3894 πάσχομεν,
853 3808 881 3873 ῶ
902 3811 1037 3874 δείλαιοι
1058 3812 1249 3890 ἀνθρωποις
1272 3848 1313 3857 -
1343 3806 1494 3889 βιάζομαι
1523 3809 1585 3891 χάρ
1618 3813 1671 3870 καλ
1692 3809 1855 3892 τραγῳδός
1877 3812 1938 3896 ῆδη

347 3924 496 3998 γίνεσθαι
518 3957 561 3968 -
582 3923 653 3982 τίνα
674 3917 789 3999 ταύτην
810 3916 938 3997 πλάνην
959 3915 1181 3995 πλανάμεθα,·
1205 3917 1268 3979 ποῦ
1288 3913 1452 3996 τηνάλλως
1467 3912 1649 3994 φερόμεθα,
1673 3921 1728 3994 την
1742 3918 1861 3993 μικράν
1882 3920 1937 3976 καὶ

347 4024 535 4088 πολύπονον
558 4023 639 4104 ζωῆν
668 4020 889 4091 ἀναλίσκοντες
919 4017 1064 4097 ἀβούλως
1094 4024 1147 4079 καὶ
1177 4015 1334 4099 ἀνοῆτως,
1369 4019 1423 4077 καὶ
1451 4016 1506 4077 τόν
1533 4015 1657 4094 βραχύν
1684 4020 1792 4079 τοῦτον
1820 4040 1938 4096 χρόνον

346 4130 553 4200 δαπανῶντες
575 4127 620 4200 είς
641 4125 784 4205 μάταιος
815 4126 858 4196 τίς
889 4121 964 4204 ῆμίν
993 4122 1119 4203 δαίμων
1147 4121 1310 4201 βάσκανος
1339 4124 1484 4185 τοσοῦτον
1511 4118 1692 4201 έφθόνησες
1727 4118 1834 4184 πόθεν
1856 4121 1937 4187 οὖτα

348 4236 503 4313 νοσοῦμεν
525 4229 650 4310 χαλεπά
674 4231 727 4288 καὶ
749 4225 924 4309 ἀνῆκεστας
955 4229 1016 4308 φεῦ
1046 4230 1089 4298 τίς
1121 4223 1299 4296 ἀπόστολος
1331 4222 1534 4305 ῆπροφῆτης
1556 4224 1576 4304 ῆ
1599 4225 1776 4306 νομοθέτης
1798 4228 1833 4312 τῆ
1857 4243 1937 4306 συμ-

347 4339 436 4418 φορᾷ
458 4337 634 4418 βοηθῆσεις
668 4335 731 4393 ποό
754 4347 821 4405 σοι,
847 4329 955 4392 Παῦλε
976 4329 1133 4409 μακάριε,
1156 4333 1190 4390 τὸ
1215 4333 1307 4389 θετον
1330 4325 1550 4409 ἀπόφθεγμα*
1567 4325 1604 4387 Ὁ
1624 4329 1752 4406 καιρός,
1786 4327 1935 4408 ἀδελφοί,

343 4438 593 4518 συνεσταλμένος
614 4436 714 4508 ἐστίν,
746 4438 801 4494 ίνα
831 4435 884 4492 καὶ
912 4429 944 4493 οἳ
969 4431 1126 4511 χρεόμενοι
1154 4430 1251 4515 τούτῳ
1282 4432 1324 4511 τῷ
1354 4428 1460 4513 κόσμῳ
1487 4429 1530 4510 μῆ
1560 4434 1796 4508 καταχρῶνται,
1830 4438 1882 4491 καί
1905 4427 1937 4494 οἶ

339 4543 466 4621 ἔχοντες
488 4538 564 4603 ὦσιν
587 4539 630 4612 ῶς
652 4534 683 4600 οἱ
704 4538 746 4619 μῆ
769 4537 900 4615 ἔχοντες,
930 4540 984 4595 καὶ
1006 4532 1037 4596 οἳ
1057 4534 1157 4617 μηδὲν
1178 4537 1238 4612 μὲν
1261 4529 1317 4597 οὖν
1338 4533 1459 4611 ἔχοντες
1481 4529 1524 4605 ῶς
1545 4531 1583 4593 τά
1608 4534 1714 4593 πάντα
1737 4536 1935 4612 κατέχοντες*

345 4647 439 4729 ῆκαλ
462 4643 517 4707 διά
540 4643 649 4715 τέλους
672 4641 881 4714 καθέξοντες·
914 4637 994 4699 οότω
1022 4640 1084 4717 χάρ
1115 4634 1202 4719 ῆμείς
1224 4635 1466 4719 ἀνεστρέψαμεν
1488 4637 1570 4714 πρδς
1591 4638 1646 4695 τόν
1668 4632 1766 4708 λόγον
1788 4637 1824 4695 τό
1849 4637 1934 4715 πρά-

393 4796 573 4923 0τοβέηηβιιέε
592 4791 787 4930 apograpk'mm
795 4788 1047 4926 fflffiffiffi&
1064 4789 1069 4854 Ι
1086 4805 1117 4839 το
1135 4787 1229 4842 Matth
1242 4806 1266 4854 5,
1282 4805 1295 4853 3
1312 4799 1316 4850 ι
1334 4804 1365 4838 20
1383 4786 1570 4853 Matth19,23
1589 4797 1592 4845 Ι
1609 4803 1640 4837 20
1658 4785 1746 4838 Lucas
1768 4790 1805 4853 τό,
1819 4804 1907 4853 20-31
1925 4785 1931 4854 Ι

343 4886 372 4921 ιι
415 4883 478 4921 orm
530 4880 707 4932 εχιτ-τι
747 4881 775 4915 τι
984 4898 991 4924 ι

1569 4956 1649 5026 22*
