4560 6172
176 571 260 640 '182
282 571 367 641 188
1684 565 1742 628 147

176 746 213 806 ui
236 741 326 824 τῆσδε
347 744 399 821 τῆς
421 737 550 812 εὐζωῒας
572 737 626 800 διοὲ
649 743 682 799 σε
705 743 907 819 παραμείνοι,
928 738 1191 820 ὑπερασπίζοντας
1213 738 1318 811 καλῶς
1337 743 1392 802 τοῦ
1407 740 1487 799 θεοῦ
1500 742 1551 818 τῆς
1572 759 1602 798 τε
1625 735 1747 809 πόλεως

175 846 283 930 ταύτης
305 848 358 906 καὶ
379 847 434 910 τοῦ
453 845 571 915 ε’θνους
593 845 711 916 παντός
739 843 792 906 διό
822 844 877 905 τόν
904 843 1004 905 ἄλλον
1031 842 1129 927 δῆλον
1151 845 1197 906 ότι
1219 841 1324 922 Δαβλδ
1343 842 1397 905 τόν
1419 839 1530 904 ἑαυτοῦ
1551 838 1671 915 παῖδα,
1702 845 1746 915 σέ,

176 954 231 1014 τδν
253 950 360 1029 πραύν
383 952 436 1009 καὶ
458 946 604 1029 ἡσύχιον*
625 952 679 1009 καὶ
700 947 777 1008 κατό
801 949 856 1030 την
876 947 1013 1028 καρδίαν
1035 946 1142 1011 αὐτοῦ.

267 1051 292 1090 ¹⁷
305 1051 415 1115 Ταύτό
437 1071 496 1125 σοι,
520 1051 668 1131 κρότισιε,
691 1052 729 1113 τό
750 1056 802 1131 τῆς
823 1049 979 1128 εὐσεβείας
1001 1052 1157 1130 ἐπίχειρα·
1182 1047 1269 1122 οὗτος
1289 1047 1444 1129 ὁκαρπός
1466 1066 1515 1110 σοι
1537 1052 1588 1129 τῆς
1604 1048 1745 1119 πίστεως·

180 1157 256 1239 αὕτη
278 1161 330 1237 τῆς
351 1159 479 1236 γνησίας
501 1153 628 1231 α’γόπης
649 1158 702 1235 τῆς
724 1154 804 1234 πρὸς
834 1157 915 1215 θεόν
944 1153 961 1237 ἢ
992 1154 1165 1228 ἀντίδοσις·
1199 1159 1305 1218 τοῦτον
1337 1154 1416 1231 ἔχεις
1444 1152 1565 1231 μισθόν
1592 1156 1646 1233 τῆς
1674 1155 1750 1230 περὶ

180 1258 278 1324 αὐτόν
298 1283 329 1322 τε
350 1263 437 1340 τιμης
460 1263 512 1318 καλ
533 1259 603 1330 τούς
625 1255 719 1321 αὐτοῦ
740 1260 885 1340 γνησίους
907 1261 1107 1338 θεραπευταῖς
1113 1307 1125 1335 ,
1159 1257 1231 1330 τούς
1258 1279 1288 1318 τε
1310 1256 1426 1330 ἄλλους
1448 1253 1563 1318 όπόσοι
1587 1252 1629 1315 δι’
1652 1253 1748 1318 αὐτόν

178 1386 214 1426 τι
227 1363 413 1426 πεπόνθασι
436 1366 489 1421 καὶ
510 1369 600 1441 παρα
621 1365 746 1433 πόντας
766 1360 882 1439 έξόχως
904 1367 975 1440 περὶ
995 1369 1103 1424 τοῦτον
1124 1364 1177 1423 τόν
1193 1363 1384 1439 έξοχοίτατον
1404 1359 1440 1421 έν
1462 1356 1566 1431 αὐτοῖς
1588 1362 1641 1418 καὶ
1663 1379 1748 1440 περι-

180 1469 386 1548 φανέστατον,
409 1460 436 1548 (β
458 1465 682 1546 φιλοτιμότατα
705 1467 793 1548 κόθη
817 1463 1034 1547 πανηγυρίζων
1048 1465 1202 1538 ἐνταῦθα,
1226 1471 1279 1526 καὶ
1298 1466 1469 1536 κοινωνούς
1483 1463 1627 1543 πρόςτην
1641 1461 1749 1525 τούτου

181 1571 360 1651 θεραπείαν
382 1567 645 1648 παραλαμβάνεις
665 1570 720 1639 τός
748 1572 801 1627 καλ
822 1570 874 1647 τῆς
896 1565 990 1648 αὐτῆς
1011 1569 1155 1642 έξοοσίας
1177 1586 1226 1630 σοι
1248 1569 1459 1641 κοινωνούσας
1491 1571 1543 1627 καὶ
1566 1566 1677 1648 δόξης,
1703 1537 1747 1626 Ιτό

181 1673 265 1735 καλὰ
279 1673 367 1760 λέΙγω
379 1675 476 1735 ταῦτα
492 1676 544 1753 τῆς
560 1671 722 1748 βασιλείας
738 1667 917 1749 α’γτίλματα,
938 1676 1007 1743 τούς
1022 1672 1139 1744 διττούς
1155 1669 1350 1752 όφθαλμούς
1362 1675 1414 1754 τῆς
1430 1671 1509 1732 καθ’
1525 1671 1608 1752 ἡμᾶς
1672 1670 1750 1733 2011

181 1779 299 1850 γενεᾶς,
322 1778 359 1837 τό
383 1780 434 1858 τῆς
455 1774 599 1847 παλαιός
619 1773 773 1849 εὐγενείας
794 1781 847 1836 καὶ
869 1776 1084 1859 λαμπρότητος
1106 1776 1258 1856 λείψανα,
1281 1778 1318 1837 τό
1335 1776 1488 1856 πολυγενῆ
1511 1778 1563 1835 καὶ
1579 1771 1751 1853 πολύρριζα

182 1881 244 1941 τόν
263 1879 421 1958 βασιλέων
442 1878 654 1958 βλαστήματα,
678 1875 726 1949 aig
748 1878 798 1940 ἐπ’
810 1878 859 1960 ἔτη
871 1896 904 1940 σε
927 1885 980 1939 καὶ
1001 1881 1050 1961 ἔτη
1066 1883 1243 1959 συγχαίρειν
1255 1878 1419 1959 εὐχόμεθα
1441 1883 1495 1940 καὶ
1514 1877 1752 1957 συμβασιλεύειν

183 1985 289 2062 μέχρις
312 1979 350 2044 σύ
372 1985 409 2042 τό
433 1982 502 2044 ἅνω
522 1981 677 2061 βασίλεια,
697 1986 735 2042 τό
758 1980 940 2061 α’μετόθετα
962 1989 1014 2044 καλ
1037 1983 1206 2058 α’σόλεοτα,
1227 1984 1272 2057 είς
1293 1984 1348 2066 την
1361 1983 1427 2045 έκεί
1440 2002 1473 2044 σε
1486 1983 1637 2058 δέξωνται
1653 1982 1753 2056 δόξαν

184 2090 236 2148 καὶ
268 2086 432 2166 βασιλείαν
463 2084 556 2162 ὐμᾶς.
603 2083 711 2158 18τέως
731 2085 767 2147 δὲ
789 2091 842 2167 τὴν
873 2085 1010 2163 έπίγειον
1035 2088 1146 2170 ταύτην
1172 2087 1217 2160 είς
1244 2098 1333 2168 χείρα
1367 2090 1558 2165 κατέχοντες,
1592 2086 1752 2148 έντείνειε*

184 2190 312 2273 σφόδρα
336 2194 388 2250 καὶ
411 2189 643 2252 κατευοδούσθε
665 2195 716 2249 καὶ
738 2189 928 2267 βασιλεύετε,
950 2191 1028 2252 οὐτω
1050 2195 1109 2271 μὲν
1131 2191 1264 2264 οἷλύπως
1284 2197 1338 2252 καὶ
1367 2190 1502 2271 ἱλαρῶς,
1535 2190 1614 2254 οὕτω
1638 2190 1675 2252 δὲ
1697 2211 1752 2271 φι-

183 2293 386 2374 λανθρώπως
407 2293 476 2372 α’μα
499 2297 552 2354 καί
574 2292 797 2374 φιλοφρόνως,
830 2297 883 2352 καὶ
905 2297 1011 2358 τοῦτον
1032 2299 1087 2357 τόν
1107 2297 1225 2376 τρόπον
1250 2296 1303 2358 ἐπὶ
1323 2294 1448 2375 μᾶλλον
1479 2293 1677 2374 καὶμᾶλλον
1698 2299 1754 2365 τός

188 2394 402 2480 α’νθρωπίνας
422 2397 550 2476 γνοόματ
572 2396 769 2459 καταδουλοῖ
771 2399 841 2471 σθε,
872 2398 914 2478 μη
938 2399 1050 2479 φόβοις
1071 2397 1344 2480 προσβιαζόμενοι,
1375 2396 1446 2459 ἄλλ’
1467 2396 1605 2470 εὐνοίαις
1625 2398 1755 2472 ἐξοικει-

186 2502 316 2581 σύμενοι
338 2501 440 2583 (τοῦτο
469 2500 507 2581 δη“
537 2500 571 2563 τό
600 2499 746 2579 ὑμέτερον
775 2500 932 2579 έξαίρετον
961 2506 1122 2583 γναίρισμα
1145 2506 1234 2586 παρὰ
1257 2506 1325 2574 τούς
1347 2500 1473 2566 πτύποτε
1494 2501 1754 2583 βασιλεύσαντας)

150 2679 155 2690 Α
186 2608 302 2687 καὶτῷ
326 2601 428 2688 α’λότῳ
450 2607 503 2668 τοῦ
525 2603 655 2685 φίλτρου
679 2606 758 2681 πρός
780 2602 909 2677 ἑαυτούς
937 2607 1176 2687 συνδεσμούντες
1208 2612 1261 2668 καὶ
1289 2610 1528 2687 συγκρατούνιες
1554 2604 1675 2690 δεσμῷ,
1712 2603 1755 2676 ὥς

186 2710 228 2770 δν
249 2706 289 2768 τό
312 2731 340 2769 τε
362 2707 448 2768 ἄλλα
469 2712 521 2768 καὶ
545 2707 668 2790 είρηνης
688 2710 827 2785 βαθείας
850 2707 939 2771 αὐτοί
961 2732 990 2771 τε
1006 2715 1057 2770 καλ
1072 2712 1105 2772 τό
1121 2709 1262 2792 ὐπήκοον
1284 2709 1433 2792 διηνεκῶς
1458 2707 1612 2795 α’πολλαό-
1677 2709 1756 2773 201²

187 2832 281 2885 οντες,
304 2809 468 2892 εὐκαιρίαν
490 2812 594 2885 ἄγοιτο
616 2812 759 2894 πλείστην
780 2812 876 2884 οὐτως
896 2813 1052 2892 ἑορτάζειν
1073 2815 1141 2895 α’μα
1165 2819 1217 2875 καὶ
1238 2817 1360 2894 χαίρειν
1391 2816 1444 2873 καὶ
1466 2817 1681 2891 πνευματικῶς
1702 2817 1756 2874 καὶ

187 2920 385 2996 σωματικῶς,
413 2915 540 2994 εὐμενὲς
560 2915 739 2996 ἐφορῶντος
761 2915 892 2978 ἄνωθεν
913 2917 966 2999 ἐφ’
988 2916 1069 2997 ὐμός
1091 2922 1144 2980 τοῦ
1166 2922 1245 2981 θεοῦ
1267 2917 1321 2980 διό
1344 2923 1399 3000 την
1421 2916 1573 2998 ὐμετέραν
1592 2916 1757 2996 εὐμένειαν

186 3022 240 3079 καὶ
272 3016 408 3101 α’μαχητλ
440 3023 654 3098 τροπουμένοο
687 3021 757 3092 τούς
790 3018 992 3092 όπεναντίοος
1024 3018 1100 3100 ύμῖν
1133 3021 1177 3107 (εἴ
1210 3044 1287 3093 τινες
1318 3021 1411 3103 είσίν)
1443 3025 1571 3093 ἱκεσίαις
1603 3019 1671 3100 ἅμα
1704 3025 1759 3083 καλ

190 3122 377 3202 ὐπουργίαις
397 3127 450 3186 τοῦ
472 3122 619 3201 λαμπροῦ
640 3126 693 3182 καλ
714 3123 854 3201 μεγόλου
875 3125 1129 3206 τροπαιοφόρον,
1162 3126 1341 3204 δυναμένου
1371 3126 1479 3188 πάντα
1506 3124 1625 3208 ῥᾳδίως
1651 3124 1686 3187 έκ
1708 3131 1761 3208 τῆς

191 3227 271 3307 πρός
292 3225 388 3291 αὐτόν
409 3228 586 3306 παρρησίας
608 3228 660 3285 καὶ
683 3225 874 3299 οίκειαίσεως,
899 3223 924 3311 ᾤ
947 3226 963 3310 ἦ
987 3228 1068 3302 δόξα
1090 3233 1143 3289 καὶ
1160 3231 1192 3290 τό
1216 3227 1339 3312 κρότος,
1359 3229 1404 3300 είς
1425 3232 1495 3302 τούς
1511 3229 1641 3303 αίῶνας.
1663 3228 1758 3311 α’μήν.

276 3333 370 3399 188.
414 3330 526 3413 Μηνὶ*
548 3325 717 3413 Αὐγούστῳ
739 3353 775 3393 ιε.
807 3327 955 3392 Ἰωάννου
977 3335 1031 3393 τοῦ
1053 3331 1228 3406 όγιωτότου
1243 3332 1470 3416 μητροπολίτοο
1483 3333 1645 3412 Εὐχαίτων
1666 3331 1759 3409 λόγος

187 3433 232 3506 είς
253 3436 308 3516 την
330 3433 447 3511 όγίανΙ
468 3437 611 3515 κοίμησιν
632 3436 682 3514 τῆς
705 3432 876 3514 ὐπεραγίας
901 3436 1068 3498 Θεοτόκου.
1091 3436 1148 3498 ἐνθ’
1171 3436 1314 3500 δέσποτλ.

278 3538 366 3599 1’λίπῐ
398 3538 453 3618 τὴν
480 3537 598 3618 μητέρα
627 3539 680 3599 τοῦ
702 3538 812 3612 Λόγου
840 3538 917 3616 μετὰ
947 3539 1000 3600 τόν
1022 3543 1133 3615 Λόγον
1162 3540 1178 3601 ό
1211 3540 1319 3617 λόγος·
1348 3543 1403 3603 τόν
1429 3545 1490 3623 γόρ
1517 3541 1652 3619 βασιλέα
1679 3564 1760 3621 προ-

190 3644 323 3722 πέμψας
350 3645 387 3729 ιη’
408 3640 548 3719 βασιλίδι
571 3646 795 3721 προσυπαντᾴ,
827 3639 893 3703 όπό
926 3641 1020 3723 δόξης
1042 3642 1142 3717 δόξαν
1172 3643 1312 3723 ἀμείβων
1339 3650 1393 3705 καὶ
1413 3647 1612 3725 μεταβαίνων
1634 3645 1679 3719 είς
1701 3645 1759 3709 δό-

191 3766 287 3825 ναμιν
308 3745 343 3807 λιι
366 3744 547 3825 δυνάμεως·
570 3745 667 3818 οὕτως
688 3746 829 3825 ἐντρυφᾷ
850 3751 885 3834 τῇ
907 3752 969 3807 τῶν
990 3746 1097 3808 καλῶν
1118 3746 1269 3828 εὐπορίᾳ,
1301 3753 1353 3809 καὶ
1376 3753 1522 3812 τοσοῦτον
1542 3751 1643 3828 χαίρει
1666 3749 1760 3831 φιλο-

190 3851 372 3929 τιμούμενος
393 3853 428 3937 τῇ
450 3853 613 3934 περιουσίᾳ
635 3850 696 3911 τόν
718 3848 913 3912 ὑποθέσεων.
969 3850 1125 3931 2Χριστός
1154 3855 1214 3931 μὲν
1243 3853 1318 3934 ἡμῖν
1352 3849 1369 3934 ἡ
1399 3853 1530 3914 πόντων
1558 3850 1668 3936 ἑορτὴ0
1700 3857 1762 3917 τεόν

192 3953 319 4016 αίτόνων
352 3951 468 4036 όορτόἀ
492 3953 496 4040 Ι
520 3956 599 4031 χθὲς
631 3950 687 4035 η’ν,
720 3951 792 4013 ἄλλ’
821 3952 909 4036 ἑορτὴ
939 3955 1098 4033 φωτισμύς
1130 3960 1184 4015 καὶ
1206 3957 1286 4038 πηγὴ
1309 3958 1414 4036 φωτός
1436 3953 1543 4018 α’ῐδίου
1565 3961 1618 4016 καὶ
1683 3958 1759 4022 202¹

192 4055 347 4138 αὐτοφῶς.
379 4056 433 4119 διό
463 4063 571 4140 τοῦτο,Θ
598 4064 651 4117 καὶ
681 4059 750 4138 φῶς
780 4054 1061 4136 οἷναβαλλόμενοςί
1089 4058 1130 4131 οἷς
1159 4055 1306 4139 ἶμότιονῦ
1335 4061 1389 4141 τὴν
1418 4057 1518 4141 αὐτοὶ11
1546 4061 1643 4122 κατόἱ
1668 4061 1763 4143 φύσιν

194 4159 357 4244 α’ναβολιξν
387 4166 439 4222 καλ
469 4165 512 4246 τῷ
540 4162 699 4244 προσείπω
723 4159 861 4241 λα’μψας
883 4161 925 4234 ὡς
949 4162 1051 4243 ῆλιος,
1081 4162 1115 4237 ἐξ
1147 4163 1258 4243 ὄρους1ῐ
1280 4159 1373 4240 όγίοο
1394 4173 1462 4236 ταίς
1483 4163 1661 4244 α’στραπατς
1684 4165 1765 4248 ἡμᾶς

264 4337 292 4385 16
311 4332 398 4387 Ississ
417 4337 455 4396 ⁶5,
474 4353 488 4387 2
505 4342 509 4387 i
527 4349 554 4396 18
574 4334 664 4387 Psslm
683 4333 726 4402 μδ
742 4351 754 4398 5
773 4333 809 4396 Ιο
827 4333 866 4385 Es
890 4351 962 4401 quae
988 4334 1043 4386 ism
1063 4333 1190 4401 sequitur
1214 4334 1304 4388 oratio
1328 4334 1388 4388 sols
1412 4336 1492 4387 extat
1516 4335 1602 4389 etism
1621 4336 1649 4389 iu
1669 4336 1765 4392 codiee

193 4403 382 4458 Ottobnnisno
402 4424 447 4472 τοι
465 4405 613 4459 chartaceo
632 4405 735 4458 saeculi
747 4403 809 4456 XVI
822 4404 1000 4458 miscellaneo
1014 4405 1051 4458 tol
1063 4423 1203 4470 τες-τιτι
1223 4405 1305 4458 huius
1323 4405 1427 4458 codicis
1439 4406 1641 4476 discrepantias
1659 4408 1765 4461 omissis

193 4476 321 4530 minutiis
339 4477 563 4546 orthographicis
582 4480 611 4530 et
629 4475 766 4529 similibus
785 4476 930 4529 contextui
956 4477 1166 4545 subscripsimus
1190 4475 1213 4529 D
1239 4477 1336 4530 litters
1359 4477 1409 4531 usi.
1447 4477 1526 4531 Hunc
1545 4479 1659 4531 titulum
1708 4495 1765 4533 rse-

194 4547 256 4618 egit
276 4550 311 4600 D:
330 4549 374 4599 τού
392 4550 420 4600 έν
438 4547 526 4617 όγλοις
543 4550 640 4616 πατρός
659 4545 734 4618 ἡμῶν
753 4545 880 4598 Ἰωόννοο
895 4548 1034 4616 Εὐχαλτων
1045 4551 1123 4616 λόγος
1136 4550 1171 4605 είς
1189 4546 1232 4611 τὴν
1244 4548 1390 4599 πόνσεπτον
1409 4559 1530 4617 κοίμηοιν
1547 4549 1590 4599 τοῦ
1608 4550 1669 4616 (sie)
1688 4569 1765 4617 οπερ-

194 4623 273 4688 αγὶας
291 4617 366 4688 ἡμῶν
385 4622 509 4672 θεοτόκοο
544 4621 565 4672 λ)
589 4621 705 4689 pessime
731 4635 763 4671 an
789 4618 1034 4687 neglegentissime
1059 4621 1178 4687 scriptus
1203 4623 1255 4673 est:
1283 4619 1424 4674 consentit
1449 4620 1613 4689 plerumque
1639 4640 1699 4674 cum
1728 4623 1765 4675 B:

194 4690 243 4744 ubi
261 4690 285 4743 D
303 4707 321 4744 u
342 4690 384 4744 ΒΟ
403 4691 557 4761 discrepet,
585 4708 658 4745 noue
682 4690 787 4756 ubique
811 4691 882 4742 vitis
907 4690 1001 4743 addit:
1031 4690 1158 4758 inprimis
1181 4691 1315 4759 plurimos
1340 4695 1472 4745 sesentus
1499 4698 1529 4744 et
1552 4692 1669 4760 spiritus
1693 4693 1766 4748 mele

194 4762 343 4816 collocatos
362 4763 448 4816 habet
467 4763 641 4825 Studemund,
660 4762 709 4829 qui
725 4760 874 4828 Boiiigium
895 4762 947 4814 hoc
967 4761 1026 4814 loeo
1048 4780 1112 4814 »uus
1132 4761 1194 4815 dem
1212 4763 1319 4815 Druck«
1339 4761 1562 4831 [Menaenrum'i]
1584 4763 1604 4816 B
1624 4765 1768 4819 nominato

194 4832 370 4902 descripsisse
388 4835 470 4888 testis
487 4839 531 4890 est
550 4840 554 4898 Ι
576 4854 592 4886 α
611 4833 695 4902 όγίαν
713 4832 742 4894 C,
760 4833 906 4883 πόνοεπιαν
928 4833 973 4885 BD
995 4836 999 4895 Ι
1021 4833 1035 4884 ό
1055 4834 1116 4900 (sie)
1135 4833 1190 4886 duo
1208 4834 1309 4887 ultima
1327 4835 1412 4887 verbs
1430 4833 1531 4888 desunt
1548 4835 1577 4889 in
1598 4836 1619 4888 B
1636 4851 1639 4900 ι
1663 4835 1770 4910 οίοριῇ

194 4904 273 4975 nid
288 4904 335 4956 καί
352 4904 441 4960 addc
457 4906 463 4974 1
479 4926 492 4959 ε
510 4906 627 4958 όιατούτο
644 4905 689 4960 OD
705 4907 743 4971 Ι]
758 4901 960 4974 ἀναβαλόμενος
978 4903 1020 4971 01
1034 4905 1274 4974 ρΡεειΙιυργτΙλ
1293 4903 1372 4957 atvs·
1391 4905 1411 4958 O
1427 4906 1459 4970 Ιι’
1474 4921 1539 4957 κατα
1557 4906 1578 4960 O
1594 4915 1598 4974 Ι
1614 4907 1632 4959 λ
1650 4905 1770 4968 ὅλοοςΙ)

1407 5006 1484 5077 19*
