4560 6172
426 699 462 770 ὃς
484 701 595 761 πᾶσαν
615 696 793 780 εἰσήνεγκεν
815 697 903 776 λσχύν
925 698 1057 773 ἐνθάδε,

427 800 473 877 οἷς
494 803 565 882 εἶχε,
588 806 683 881 τιμάν
704 801 759 882 την
781 799 950 884 ὐπέρτιμον
973 803 1089 866 θέλων.

427 909 462 968 σύ
487 905 522 968 δὲ
546 906 625 988 πρὸς
647 903 744 969 αὐτόν
766 902 893 984 εὐμενὲς
914 904 1068 990 βλέφασοί
1090 928 1155 986 μοι,

427 1008 522 1088 δέχου
545 1011 621 1090 παρ’
644 1007 744 1093 ἡμῶν,
768 1008 810 1082 ῶς
832 1008 958 1088 βασιλὶς
980 1013 1049 1091 μέν,
1073 1013 1197 1091 στέφος,

361 1114 404 1178 20
426 1112 470 1186 ῶς
489 1116 543 1177 τοῦ
563 1103 674 1191 Λόγου
695 1113 793 1195 μητηρ
817 1112 863 1186 δέ,
886 1115 919 1176 τδ
942 1116 1022 1194 πρός
1042 1119 1104 1176 τῶν
1125 1115 1241 1192 λόγων·

424 1219 476 1299 τῆς
498 1214 645 1292 δουλικῆς
666 1239 696 1278 τε
718 1216 820 1295 χειρὸς
842 1214 1068 1300 άντειλημμένη

425 1320 542 1384 εὔθυνε
564 1321 644 1402 πρός
664 1322 709 1395 σέ,
733 1324 786 1381 καὶ
808 1319 899 1382 δίδου
922 1323 1112 1403 παρρησίαν,

428 1421 471 1496 ῶς
492 1424 535 1485 άν
556 1442 589 1485 σε
612 1422 766 1505 λαμπρῶς
789 1418 815 1506 ᾦ
838 1427 927 1505 φέρει
951 1429 1051 1510 στέιβη
1074 1428 1189 1507 στέφει.

427 1528 456 1589 εί
478 1527 506 1589 δ’
528 1524 593 1602 οὐν,
615 1529 649 1589 τδ
673 1525 778 1606 δῶρον
801 1526 907 1601 δεξιᾶς
930 1532 985 1610 σῆς
1006 1527 1109 1607 άξίου,

364 1630 406 1696 25
428 1629 505 1712 αὐτή
527 1653 558 1692 τε
580 1633 696 1710 σαυτὴν
717 1629 880 1713 εὐπρεπῶς
902 1636 998 1717 τούτῳ
1018 1636 1125 1714 στέφε·

428 1737 449 1817 ἤ
471 1734 594 1814 μάλλον
616 1733 808 1816 εὐπρέπειαν
826 1735 901 1817 αὐτη
924 1739 967 1819 τῷ
990 1739 1094 1818 στέφει

429 1839 664 1921 προσψαόσεως
686 1843 741 1921 σῆς
763 1838 942 1923 άξιουμένῳ
966 1839 1064 1905 δίδον.

430 1941 513 2024 ἡμᾶς
536 1942 571 2004 δὲ
592 1945 661 2015 τούς
683 1943 790 2018 λόγοις
812 1963 846 2005 σε
867 1947 1020 2024 τιμῶντας
1041 1948 1154 2025 μόνοις

427 2047 529 2125 ἔργοις
551 2047 588 2109 σύ
608 2048 736 2120 πάντως
757 2033 955 2129 α’ντιτίμησον
977 2047 1086 2122 πλέον,

362 2150 406 2216 30
428 2152 504 2235 οίιιφ
523 2173 555 2212 τε
575 2155 618 2233 τῷ
641 2157 685 2234 σηί
707 2154 919 2228 γειτονούντας
940 2151 1065 2214 ἐνθάδε

428 2258 481 2315 καὶ
502 2258 554 2337 τῆς
576 2254 642 2316 έκεῐ
662 2273 717 2316 σου
740 2259 852 2338 στῆσον
873 2255 961 2332 έγγύς
982 2256 1101 2331 οίιιίας,

429 2357 486 2443 Ιῆν
508 2356 713 2438 α’μφέπουσιν
734 2355 765 2420 οἳ
786 2363 874 2439 χοροί
895 2362 956 2421 τῶν
978 2357 1131 2436 άγγέλων,

428 2462 467 2544 ἢν
489 2465 698 2543 προσκυνοῦσι
721 2465 813 2524 πάσα
834 2462 922 2537 τάξις
943 2467 1001 2524 τῶν
1022 2465 1100 2529 ἄνω.

427 2565 539 2648 ταύτην
561 2564 699 2648 α’μοιβην
721 2570 773 2628 τοῦ
796 2571 907 2629 πόθου
930 2571 984 2628 καί
1005 2570 1058 2632 τού
1081 2567 1177 2643 λόγου

364 2669 406 2735 35
428 2667 582 2750 λάβοιμεν
604 2670 639 2731 έιι
662 2673 727 2744 σοῦ,
750 2673 805 2732 ιιαλ
825 2669 859 2732 τδ
881 2674 933 2754 τῆς
956 2669 1051 2753 δόξης
1074 2674 1197 2751 στέφος,

429 2776 490 2835 ιιάν
510 2777 608 2838 ταῦτα
630 2772 736 2854 μεῖζον
757 2775 775 2856 ἢ
801 2775 881 2836 καθ’
902 2773 986 2857 ἡμᾶς
1007 2773 1145 2837 ἐλπίσαι.

342 2982 412 3049 28.
436 2980 639 3063 Πρόγραμμα
660 2980 705 3053 είς
728 2981 782 3043 τδν
804 2984 876 3061 περὶ
896 2984 958 3043 τῶν
980 2979 1122 3058 α’γγέλων
1146 2982 1250 3057 λόγον.

387 3087 403 3148 1
430 3087 500 3147 Κῶν
523 3084 604 3146 ἄλλο
625 3083 730 3162 μεῖζον
752 3081 910 3166 εὐπόρουν
931 3108 959 3146 τι
982 3088 1186 3168 προσφέρειν,

429 3185 471 3261 ῶς
493 3187 524 3250 οἳ
545 3187 667 3272 ῥέοντες
688 3191 742 3260 τὰς
764 3188 1003 3267 βαρυπλοότους
1027 3187 1141 3267 δόσεις,

428 3292 605 3374 ἐφεισάμην
628 3294 670 3354 ἄν
692 3290 841 3372 οὐδαμῶς
863 3289 907 3365 ῶς
928 3295 1049 3372 τιμίου·

427 3393 470 3469 ῶς
491 3400 592 3477 τίμιον
613 3395 738 3474 μᾶλλον
761 3394 807 3468 δέ,
831 3399 886 3458 σὺν
911 3401 1079 3480 προθυμίᾳ

385 3503 406 3567 5
429 3503 544 3584 ἤνεγκα
567 3500 672 3580 δῶρον
695 3500 867 3582 προσφιλὲς
888 3513 952 3574 τοῖς
973 3504 1094 3580 τιμίοις.

429 3602 500 3665 ἄλλ’
521 3602 649 3676 οὐδενός
670 3607 728 3682 μὲν
751 3603 842 3682 ἔσχον
863 3605 965 3666 άλλου
987 3602 1152 3687 φροντίδα,

429 3707 530 3781 οὐδεὶς
552 3707 580 3769 δ’
604 3709 716 3788 ἔτρωσε
737 3712 793 3789 την
814 3709 894 3792 έμην
917 3710 1023 3790 ψυχὴν
1045 3710 1123 3790 ἔρως

426 3818 488 3874 τῶν
509 3814 568 3894 γῆν
591 3811 738 3892 δρῶντιον
760 3818 814 3873 καὶ
834 3814 994 3892 μενόντων
1015 3812 1150 3888 ἐνθάδε,

428 3913 515 3999 πλην
536 3918 558 3997 ἤ
577 3920 687 3995 μόνων
710 3918 815 3992 λόγων
836 3939 866 3978 τε
889 3921 942 3977 καλ
963 3917 1175 3999 μαθημάτων,

367 4021 407 4085 10
429 4018 453 4080 οί
473 4043 528 4099 μοι
551 4022 690 4103 συνῆξαν
712 4017 743 4082 οἳ
765 4025 882 4101 μακροὶ
902 4020 995 4100 μόλις
1016 4019 1122 4096 πόνοι,

427 4120 510 4204 ἱμάς
531 4128 696 4206 συνεργοὺς
719 4124 948 4204 προσλαβόντες
970 4129 1123 4210 γνησίους,

428 4226 664 4311 άρχιστράτηγοι
685 4235 746 4290 τῶν
768 4227 876 4293 άόλων
897 4231 1078 4309 ταγμάτων·

428 4329 510 4393 ὅθεν
532 4334 636 4405 στενύς
656 4337 715 4411 μὲν
736 4334 799 4413 ελμὶ
820 4333 920 4396 τάλλα
944 4340 997 4395 καὶ
1019 4338 1123 4418 πένης.

428 4441 480 4518 τῆς
501 4435 531 4498 δ’
553 4435 609 4500 οὐν
630 4440 805 4519 προσούσης
827 4437 960 4520 κτησεῶς
980 4461 1035 4518 μοι
1056 4442 1186 4521 μετρίαν

366 4540 407 4606 15
427 4541 540 4603 έλεσθε
560 4552 688 4622 μοῖραν,
712 4538 738 4602 οὐ
762 4545 840 4606 θεοῦ
861 4534 1071 4623 παραστάται,

430 4650 483 4706 ιιαὶ
504 4648 559 4727 την
579 4646 673 4725 χάριν
695 4645 828 4724 δέχεσθε
848 4651 902 4728 τῆς
923 4650 1102 4727 συνεργίας·

431 4747 525 4825 λόγος
546 4756 606 4829 γάρ
629 4745 704 4828 ὐμτν
727 4745 814 4822 οὐτος
835 4748 903 4812 α’ντὶ
925 4758 988 4813 τῶν
1010 4750 1115 4828 λόγων

429 4855 464 4917 έιι
485 4857 620 4930 γείτονος
642 4850 773 4936 δῶρημα
794 4859 1013 4933 μετριωτάτου,
