4560 6172
341 530 403 595 162
1830 528 1913 596 1811

342 703 491 778 δόξαντες
510 700 596 774 ἄξιοι
617 702 637 781 η’
658 703 711 760 καὶ
732 698 933 770 ἐλπισθέντες
955 698 1046 776 τυχόν
1069 697 1073 784 Ι
1098 694 1184 782 (οὐδὲ
1205 704 1292 764 τοῦτο
1314 700 1373 780 γὰρ
1395 697 1540 761 ἔλαττον·
1561 697 1630 759 ἐπεὶ
1651 698 1684 759 τό
1700 698 1772 768 τοὺς
1839 695 1919 761 2242

343 805 450 884 άγίους
461 804 589 867 ἐλπίσαι
603 841 638 852 -
655 808 708 864 καὶ
722 802 858 883 μάλιστα
873 802 941 874 τούς
956 802 1036 864 οὕτω
1052 801 1302 883 δεδοξασμένους
1317 840 1352 851 -
1362 800 1473 867 τοῦτον
1488 805 1541 862 καὶ
1562 801 1596 863 τδ
1611 800 1920 881 καταπράξασθαιΙ·

342 908 467 992 μάλλον
496 907 532 970 δέ
561 908 719 985 πείθομαι
748 905 824 987 μηδ’
846 904 952 978 ἄλλως
983 903 1087 979 αὐτοῖς
1108 906 1309 970 ἐπινοεῖσθαι
1331 907 1364 969 τό
1387 905 1594 986 ἐλπιζόμενον
1617 906 1637 985 ῆ
1657 907 1711 969 τού
1732 902 1840 976 τέλους
1859 906 1917 984 βε-

342 1017 441 1094 βαίως
463 1012 551 1092 παρὰ
574 1012 627 1074 τοῦ
648 1012 767 1091 πατρὸς
788 1011 850 1072 τῶν
870 1010 1071 1090 χαρισμάτων
1092 1009 1312 1090 ἐνδεδυμένον.
1359 1009 1462 1093 9πλιΙν
1491 1007 1574 1071 ἄλλά
1597 1011 1685 1074 τοῦτο
1706 1011 1767 1088 μὲν
1790 1006 1917 1090 δπηδῆ-

343 1120 411 1183 ποτ’
435 1119 476 1178 άν
499 1115 579 1195 ἔχοι,
609 1117 684 1187 τέως
704 1114 797 1193 ἐχέτω
827 1112 912 1199 (περὶ
941 1113 1126 1195 τηλικούτων
1150 1125 1211 1195 γάρ
1234 1117 1293 1177 νῦν
1314 1113 1504 1196 φιλοσοφεῖν
1526 1110 1563 1176 οῦ
1583 1111 1720 1197 καιρός),
1743 1109 1789 1174 ότι
1810 1115 1917 1191 μέντοι

343 1222 432 1305 παρά
455 1223 506 1302 τῆς
528 1218 668 1298 χάριτος,
695 1223 748 1300 τῆς
769 1240 799 1280 τε
823 1220 931 1300 θεῖκῆς
954 1221 1080 1300 καὶτῆς
1103 1221 1214 1292 θείας,
1243 1218 1336 1301 ῆτουν
1357 1222 1410 1300 τῆς
1431 1220 1636 1298 μαρτυριεῆς,
1666 1215 1916 1297 προβεβλῆμεθα

343 1332 396 1392 καὶ
413 1329 472 1409 τῆν
493 1328 555 1386 τῶν
577 1320 733 1403 ύμετέρων
757 1324 871 1404 ψυχῶν
891 1321 1074 1385 ἐπιστασίαν
1095 1321 1370 1402 έγκεχειρίσμεθα,
1393 1323 1455 1384 ἴστε
1476 1323 1536 1399 μὲν
1557 1322 1611 1380 καὶ
1633 1315 1737 1392 αὐτοί,
1760 1323 1917 1402 τοῖςπερὶ

343 1435 398 1513 τῆν
421 1429 573 1511 ἡμετέραν
595 1425 784 1489 κατάστασιν
806 1428 1077 1509 τερατουργηθεῖσι
1099 1426 1404 1507 συντεκμοιρόμενοι,
1428 1418 1470 1485 ῶν
1494 1425 1530 1485 τοὶ
1552 1424 1611 1502 μὲν
1634 1422 1720 1504 ὄψει,
1743 1425 1781 1482 τά
1804 1423 1839 1483 δέ
1862 1429 1916 1484 καὶ

342 1533 424 1624 α’κοῆ
447 1530 680 1614 παρειλῆφατε,
709 1527 897 1611 μαρτυρήσει
921 1527 955 1592 δὲ
985 1534 1038 1591 καὶ
1059 1533 1125 1603 πός
1154 1530 1296 1596 ὁστισοῦν
1326 1531 1370 1604 ὡς
1390 1526 1446 1592 οῦκ
1467 1528 1502 1602 ἐξ
1524 1525 1710 1607 α’νθροίπων
1733 1524 1819 1608 ῆμεῖς
1841 1524 1916 1591 οῦδὲ

343 1641 383 1706 δι’
401 1636 610 1719 άνθροίπων*
631 1632 800 1714 α’ρχιερεῖς·
822 1631 895 1697 οῦδὲ
915 1634 977 1715 γάρ
1000 1638 1166 1718 χρημάτων
1189 1636 1244 1719 τῆν
1264 1638 1409 1715 ἄπρατον
1432 1630 1629 1714 ῶνησάμεθα
1651 1629 1755 1710 χάριν,
1780 1627 1820 1692 ού
1842 1634 1915 1693 θω-

342 1748 446 1816 πείαις
467 1742 658 1819 ἐκλέψαμεν,
692 1734 731 1804 ού
752 1735 946 1811 δυναστείαις
968 1739 1182 1818 έβιασάμεθα,
1204 1737 1240 1804 οὐ
1255 1742 1380 1819 χάρισιν
1402 1735 1532 1812 άλόγοις
1553 1731 1827 1816 έκαπηλεύσαμεν,
1860 1732 1917 1815 οὐχ

342 1848 461 1928 ἑτέραις
482 1850 540 1906 τισί
562 1840 769 1923 περιδρομαῖς
790 1845 843 1905 καὶ
865 1844 1039 1923 περινοίαις
1065 1842 1337 1923 ἐξειργασάμεθα,
1367 1845 1388 1925 ῆ
1418 1843 1493 1923 μῆτε
1525 1838 1635 1921 ταύτης
1664 1836 1827 1917 όναίμεθα
1862 1842 1916 1900 καὶ

341 1956 394 2036 τῆς
415 1951 540 2015 ἐκεῖθεν
563 1947 568 2034 Ι
592 1946 685 2029 δόξης
706 1945 891 2024 ἐκπέσωμεν
915 1983 953 1994 -
976 1951 1009 2009 τό
1024 1945 1203 2010 δεινότατον
1218 1944 1370 2010 ἁπάντων
1386 1948 1439 2008 καὶ
1454 1941 1707 2027 φρικωδέστατον
1723 1981 1770 2017 -,
1837 1943 1916 2009 225¹

343 2062 377 2120 οῖ’
396 2060 449 2117 καὶ
470 2058 532 2117 τῶν
554 2049 672 2124 ἄλλων,
704 2045 817 2111 όπόσοι
838 2048 955 2122 τούτοις
976 2060 1039 2122 τοῖς
1060 2051 1187 2131 τρόποις
1208 2050 1371 2134 ἐπιπηδᾶν
1400 2049 1556 2130 τολμῶσιν
1585 2046 1754 2133 ἱερωσύνη,
1790 2045 1916 2129 πολλῆν

342 2159 613 2237 καταγινώσκομεν
634 2155 826 2236 ματαιότητα
848 2157 902 2213 καὶ
924 2151 1107 2238 σκαιότητα,
1141 2153 1188 2217 ότι
1217 2154 1339 2228 παίζειν
1369 2154 1404 2218 ἐν
1433 2151 1512 2218 ούτω
1542 2155 1691 2235 φοβεροῖς
1722 2148 1915 2229 ῦπομένουσι

342 2269 396 2328 καὶ
417 2263 534 2343 μικράν
556 2257 671 2342 ἡδονῆς
692 2259 711 2340 ῆ
732 2261 785 2319 καὶ
807 2255 900 2339 δόξης
928 2255 1109 2321 α’πόλαοσιν
1130 2260 1276 2323 τοσούτου
1307 2263 1482 2341 θαρροῦσιν
1510 2257 1725 2321 ἀντωνεῖσθαι
1755 2253 1914 2329 κινδύνου,

342 2374 429 2448 εἴπερ
458 2366 517 2428 είσί
545 2384 623 2434 τινες
651 2357 682 2422 οἱ
711 2364 807 2424 ταῦτα
838 2364 1092 2442 παρανομοῦντες
1120 2365 1140 2445 ῆ
1167 2361 1350 2443 α’σεβούντος
1384 2366 1431 2447 (τὸ
1461 2363 1690 2447 ἀληθέστερον)
1723 2397 1765 2407 -
1796 2360 1844 2435 εἴη
1881 2357 1917 2419 δὲ

341 2472 449 2556 μηδεὶς
468 2468 547 2551 μηδὲ
568 2468 705 2544 γένοιτο·
736 2461 776 2527 οδ
796 2469 936 2528 τοιοῦτον
957 2460 1022 2539 οὖν,
1053 2465 1174 2542 άπαγε·
1204 2465 1242 2531 οὐ
1269 2471 1328 2546 μέν
1356 2466 1411 2534 οῦν
1433 2467 1471 2535 οὗ
1492 2473 1650 2539 τοιοῦτον,
1682 2465 1723 2545 μῆ
1754 2465 1913 2542 αἴσχιστον

342 2575 438 2666 ῆκαί
460 2571 477 2656 ῆ
499 2573 551 2635 ἐπὶ
573 2568 692 2642 τούτοις
713 2566 888 2644 άπολογία,
921 2569 955 2630 τό
977 2570 1055 2630 καθ’
1078 2569 1163 2653 ῆμάς
1191 2575 1244 2632 καὶ
1272 2572 1435 2654 ῆμέτερον·
1471 2572 1556 2636 άλλά
1586 2579 1735 2648 γενναῖον
1763 2571 1823 2648 μέν
1850 2586 1914 2628 που

342 2680 469 2745 κοῖκεῖνο
491 2674 565 2763 Ιῆδη
586 2675 647 2754 γάρ
668 2671 812 2754 τολμῆσω
833 2672 1099 2749 νεανιεύσασθαι,
1128 2677 1164 2764 τῆ
1194 2672 1333 2763 άληθείμ
1365 2675 1547 2762 θαρρῆσας)
1577 2680 1611 2738 τό
1641 2675 1819 2754 βιασθῆναι
1841 2673 1914 2751 περὶ

342 2785 397 2848 τόν
427 2782 552 2862 θρόνον
581 2780 634 2840 καί
663 2775 750 2847 τέλος
777 2774 925 2840 ἐνδοῦναι
932 2824 942 2854 ,
972 2782 1014 2860 μῆ
1044 2776 1220 2858 λαμβάνειν
1251 2778 1408 2856 δόξαντας
1428 2784 1540 2862 χάριν,
1570 2779 1655 2843 άλλά
1678 2774 1827 2851 διδόναι,
1859 2778 1914 2836 καί

343 2888 532 2956 πεισθέντας
552 2879 676 2963 μᾶλλον
696 2881 717 2961 ῆ
737 2880 920 2952 πείσαντας·
951 2879 1170 2963 γενναιότερον
1200 2882 1235 2945 δὲ
1263 2887 1297 2946 τό
1327 2893 1381 2946 καί
1411 2882 1521 2957 αύτούς
1543 2881 1625 2965 ὑμᾶς
1648 2883 1730 2961 ἔχειν
1750 2880 1916 2962 μάρτυρας

341 2996 418 3074 μετά
439 2984 607 3070 μυριάδων
628 2981 736 3044 ἄλλων
768 2980 928 3045 πλειόνων
955 2987 1008 3068 τῆς
1036 2984 1112 3068 ἐμῆς
1137 2988 1196 3048 εἴτε
1226 2991 1413 3067 προπετείας
1440 2991 1493 3052 εἴτ’
1515 2988 1703 3070 ἐλευθερίας
1730 2983 1838 3068 ταύτης
1861 2986 1916 3046 καί

342 3095 529 3177 παρρησίας,
552 3087 595 3162 ὠς
614 3085 750 3166 ἐμαυτόν
770 3083 832 3162 έγο)
855 3089 960 3149 πείθω
982 3093 1035 3151 καὶ
1055 3085 1139 3168 ὑμᾶς
1160 3093 1349 3171 συμπείθειν
1372 3091 1428 3158 ούκ
1450 3091 1584 3157 α’πιστῶ.

430 3197 434 3284 Ι
461 3195 487 3234 ¹⁰
500 3192 580 3255 Ἀλλ’
601 3188 752 3271 α’φείσθω
772 3192 832 3263 μὲν
854 3190 914 3274 ῆδη
926 3194 1012 3256 τοῦτο
1027 3197 1175 3274 τόμέρος·
1199 3197 1301 3277 τῖγάρ
1318 3194 1512 3271 άποδείξεως
1534 3196 1585 3259 δεῖ
1602 3206 1666 3268 τοῖς
1688 3193 1769 3258 οὕτω
1835 3190 1915 3257 225²

342 3304 433 3383 παρὰ
455 3303 534 3363 πᾶσι
556 3295 802 3374 πεπιστευμένοις
823 3293 858 3369 ἐξ
879 3289 925 3357 ῶν
940 3293 986 3358 ὅτι
1003 3300 1096 3359 θεῖον
1116 3299 1150 3360 τό
1171 3298 1264 3379 ἔργον
1286 3305 1339 3361 καί
1356 3299 1414 3363 ούκ
1428 3298 1653 3388 α’νθρτόπινονΙ
1655 3350 1704 3365 .....
1707 3297 1718 3387 Ι
1740 3300 1760 3381 ῆ
1781 3299 1851 3369 πῶς
1872 3295 1916 3357 όν

343 3429 387 3480 τις
414 3403 540 3486 μᾶλλον
567 3398 678 3477 ἑτέρως
705 3397 739 3461 τό
760 3397 795 3459 ἐκ
817 3402 898 3464 θεοῦ
925 3400 1169 3483 παραστῆσειενς
1196 3404 1225 3465 εί
1246 3403 1282 3465 δέ
1306 3406 1409 3480 θεῖον,
1441 3410 1494 3466 καὶ
1524 3406 1618 3479 άξιον
1638 3408 1691 3486 τῆς
1711 3403 1916 3484 εἰργασμένης

342 3508 468 3583 πάντως
489 3506 663 3587 δυνάμεως.
686 3499 743 3564 οόκ
765 3503 808 3562 όν
830 3501 858 3565 δ’
880 3503 986 3576 άλλως
1007 3505 1100 3580 ἄξιον
1120 3508 1177 3589 εἴη,
1200 3510 1242 3590 μῆ
1265 3512 1317 3591 τῆς
1338 3532 1370 3572 τε
1393 3511 1529 3592 ψυχικῆς
1552 3506 1681 3580 α’τονίας
1703 3511 1757 3568 καί
1778 3508 1829 3588 τῆς
1852 3523 1915 3567 σω-

341 3617 472 3696 ματικῆς
499 3609 670 3682 άσθενείας
698 3609 824 3671 ἐκεῖθεν
856 3606 931 3691 ῆμῖν
960 3608 1209 3694 ἐπιρρωσθείσης
1244 3616 1298 3674 καί
1326 3615 1517 3696 τονωθείσης
1555 3612 1638 3675 ὅθεν
1673 3609 1845 3690 ἐνισχύεται
1877 3608 1918 3671 τά

342 3715 486 3781 α’δύνατα
515 3720 568 3777 καὶ
590 3709 621 3776 οἳ
642 3711 850 3787 α’σθενούντες
871 3711 1114 3794 περιζοίννυνται
1135 3712 1299 3796 δύναμιν*.
1345 3716 1464 3782 11τοῦτο
1486 3719 1545 3796 μὲν
1566 3712 1622 3780 οῦν
1642 3714 1687 3789 είς
1708 3717 1812 3795 ἕτερον
1834 3711 1918 3775 άνα-

341 3819 512 3902 βεβλῆσθω
534 3817 664 3898 καιρόν·
679 3822 869 3897 ’προσευχῶν
882 3819 952 3897 γάρ,
974 3814 1011 3883 ού
1025 3815 1141 3894 λόγων,
1163 3817 1361 3902 κατόρθωμα
1376 3824 1409 3884 τό
1426 3821 1643 3902 ποθούμενον,
1666 3825 1719 3883 καὶ
1736 3822 1919 3900 προσευχῶν

342 3925 450 3988 ἄλλων
478 3947 508 3987 τε
539 3921 668 3986 πολλῶν
700 3922 775 3994 ἴσως
804 3926 858 3982 καὶ
887 3926 949 3984 τῶν
969 3918 1125 4003 ὑμετέρων
1147 3921 1203 4003 ούχ
1225 3923 1351 4007 ῆκιστα,
1382 3925 1436 4000 οὓς
1467 3925 1595 3998 ἐθάδας
1623 3924 1687 4004 ἔχει
1716 3919 1918 4005 θεραπευτάς

343 4023 360 4093 ό
381 4033 480 4110 μέγας
503 4023 592 4100 οὗτος
613 4028 666 4107 τῆς
686 4030 794 4108 χωρας
815 4024 952 4108 οέκιστῆς.
969 4030 1022 4087 καί
1045 4025 1154 4108 φύλαξ
1175 4031 1229 4089 καὶ
1252 4028 1437 4109 πολιοῦχος,
1467 4031 1506 4093 όν
1528 4029 1584 4096 οῦκ
1608 4029 1693 4102 εέκός
1715 4027 1919 4109 παράκλησιν

341 4132 494 4214 ἀτιμάσαι
515 4132 609 4198 εύνου
632 4134 685 4191 καὶ
705 4132 832 4214 γνησίου
854 4129 934 4193 λαοῦ
956 4126 1036 4214 ύπέρ
1066 4129 1229 4205 άσθενούς
1258 4138 1408 4215 ποιμένος
1437 4134 1589 4218 νεῆλυδος
1618 4135 1708 4216 κοινῆ
1737 4149 1919 4216 προσφερο-

343 4240 442 4321 μένην
462 4236 627 4318 εύψύχως,
657 4234 701 4311 ῶς
729 4239 772 4300 δν
798 4240 839 4300 τά
866 4257 897 4297 τε
926 4231 1012 4296 ἄλλα
1040 4238 1094 4295 καὶ
1121 4236 1200 4315 πρδς
1221 4238 1275 4298 τόν
1297 4242 1508 4320 καταρτισμὸν
1528 4237 1617 4318 ὑμῶν
1637 4233 1844 4317 εύτονῶτερον
1865 4241 1920 4298 καῖ

344 4344 588 4423 προθυμότερον
609 4341 742 4422 ἔχοιμεν,
765 4343 852 4422 εἴπερ
874 4337 978 4401 ἐνδέοι
1000 4360 1027 4400 τι
1050 4342 1104 4399 καὶ
1125 4339 1168 4401 ἔτι
1191 4343 1271 4420 πρὸς
1292 4342 1476 4428 τελειότητα.
1497 4341 1575 4425 ὑπὲρ
1600 4341 1604 4429 Ι
1628 4338 1666 4407 ού
1681 4340 1777 4415 πάςδ
1842 4341 1921 4407 226¹

344 4444 437 4523 λόγος
458 4453 510 4529 τῆς
538 4451 609 4528 περὶ
638 4444 720 4526 ῆμοῖς
742 4445 930 4508 α’νελπίστου
951 4442 1061 4527 ταύτης
1082 4443 1256 4527 μεταβολῆς
1278 4454 1333 4510 καὶ
1354 4452 1573 4528 καινοτομίας,
1603 4451 1657 4508 καὶ
1678 4448 1758 4527 πρός
1780 4445 1798 4507 ὃ
1819 4441 1921 4507 τᾶλλα

346 4552 470 4626 πάντα,
502 4553 558 4635 τῆν
585 4549 743 4634 εόθηνίαν
771 4550 810 4634 δη
841 4548 922 4624 λέγω
951 4550 1014 4610 τῶν
1041 4550 1094 4631 τῆς
1120 4551 1176 4629 γῆς
1204 4546 1345 4626 άγαθῶν
1366 4550 1412 4626 οίς
1433 4549 1519 4632 ὑμεῖς
1540 4550 1765 4633 περικλύζεσθε
1787 4548 1841 4613 διά
1865 4551 1921 4612 τόν

346 4655 497 4720 πλούσιον
518 4659 627 4719 τοῦτον
649 4656 784 4738 χορηγόν
805 4657 858 4715 καὶ
880 4652 1014 4734 δοτῆρα,
1046 4656 1099 4713 καὶ
1128 4649 1174 4726 οίς
1203 4652 1285 4737 ῆμάς
1306 4658 1380 4729 ἴσως
1409 4660 1517 4720 οἴεσθε
1547 4655 1677 4733 θέλγειν
1707 4658 1760 4719 τοῦ
1787 4652 1925 4738 μηδενός

344 4758 427 4824 ἐστιν
448 4761 523 4837 ἄξια
547 4763 616 4845 θεῷ
638 4782 668 4823 τε
690 4757 805 4839 κάμοί,
838 4758 899 4820 κῶν
919 4756 962 4820 ε’τι
985 4754 1083 4819 πλείω
1104 4779 1136 4819 τε
1157 4761 1211 4821 καί
1232 4757 1439 4844 λαμπρότερα
1463 4760 1582 4834 τούτοις
1604 4760 1800 4841 ἐπιβλύσειεν
1820 4761 1924 4842 ἔτερα,

413 4881 774 4955 96ε1οέι,τΙτοΒερο
792 4899 810 4934 α
828 4899 854 4945 τ,
872 4878 982 4947 41ττ61
1000 4877 1078 4933 edidi
1095 4895 1168 4948 ηοοε
1186 4881 1304 4951 praebet
1321 4899 1412 4954 apogr
