4560 6172
512 549 556 614 40

597 717 638 790 άς
661 716 793 793 καπνός,
816 717 858 792 τίς
881 719 1011 801 ὄνειρος,
1029 716 1078 792 ’άς
1100 718 1206 792 ἄνθος
1225 718 1330 803 χλοῆς.

597 820 667 883 ἀλλ’
690 817 715 882 ά
738 824 850 903 χορηγὲ
871 825 934 883 τόν
956 822 1064 885 καλῶν
1085 824 1165 886 θεοῦ
1187 824 1282 898 Λόγε,

535 925 575 990 15
598 926 615 987 ὁ
640 924 712 998 δοές
734 928 772 986 τά
796 924 907 1008 ῥευστά
932 929 1092 1009 ταῦτατῷ
1113 928 1313 1011 τεθαμμένῳ,

596 1030 633 1092 σὺ
654 1034 706 1091 καὶ
727 1029 765 1092 τό
789 1032 911 1109 κρείττω
934 1034 996 1092 τάν
1019 1028 1230 1092 ἀπελθόντων
1253 1030 1359 1094 δίδου·

598 1133 678 1196 θεόν
700 1135 761 1214 γάρ
783 1132 886 1195 άλλον
907 1132 962 1198 οὐκ
986 1134 1065 1211 ἔγνω
1088 1132 1172 1216 πλην
1194 1137 1251 1198 σοῦ
1269 1133 1380 1214 μόνου,

597 1242 649 1298 καὶ
673 1237 752 1318 πρός
774 1240 808 1299 σέ
830 1237 937 1310 πάσας
958 1237 1105 1320 ἔστρεφεν
1127 1238 1181 1311 τάς
1203 1229 1347 1312 έλπίδας.

598 1343 659 1403 κάν
682 1338 775 1414 αὐτὸς
797 1338 839 1414 ιδς
862 1340 1039 1421 ἅνθρωπος
1061 1331 1218 1424 ἡμάρτηκέ
1240 1358 1306 1405 σοι·

534 1447 577 1511 20
598 1444 615 1528 ἢ
640 1447 740 1518 πίστις
761 1441 827 1519 οὖν,
850 1443 1053 1522 εὔσπλαγχνε,
1076 1448 1184 1509 τοῦτον
1206 1445 1345 1510 σωσάτω.

513 1655 581 1722 82.
599 1652 713 1734 Ἕτερον
736 1652 778 1725 ὥς
799 1652 834 1714 έκ
855 1655 908 1717 τοῦ
928 1651 1091 1730 βασιλέως.

558 1758 574 1821 l
593 1756 675 1823 Ἔδει
696 1779 745 1836 με,
768 1759 892 1836 Χριστέ,
916 1755 996 1839 μηδὲ
1018 1758 1088 1840 φάς
1111 1755 1191 1819 ἰδεῖν
1211 1759 1293 1834 βίου,

599 1861 673 1947 ίτὴν
696 1862 752 1944 σὴν
774 1860 998 1940 παροξόναντα
1021 1864 1267 1943 μακροθυμίαν·

599 1969 676 2027 ποία
697 1965 759 2043 γάρ
780 1964 921 2045 ιδφέλεια
943 1965 1092 2047 κερδῆσαι
1114 1964 1244 2044 κόσμον,

601 2073 705 2152 ψυχῆς
728 2067 764 2130 δὲ
786 2073 905 2150 πικράν
927 2068 1115 2151 δυστυχῆσαι
1138 2069 1269 2152 ζημίαν,·

557 2173 577 2238 5
599 2167 635 2255 ἧς
657 2170 729 2236 οὐδὲ
750 2174 867 2253 μικρόν
889 2173 981 2251 ἔσχον
1003 2171 1095 2246 αὐτὸς
1116 2173 1281 2256 φροντίδα,

602 2277 671 2340 ἄλλ’
694 2277 798 2357 ὥσπερ
821 2277 923 2340 άλλον
943 2277 999 2343 οὐκ
1022 2279 1103 2358 ἔχων
1123 2278 1268 2357 βασιλέα,

600 2381 677 2447 οὕτω
700 2381 913 2465 κατετρόφησα
935 2385 987 2464 τῆς
1008 2381 1161 2456 ἔξουσίας.

600 2490 662 2549 τάν
683 2488 748 2547 σάν
770 2484 805 2547 δὲ
828 2489 958 2560 σεπτιόν,
982 2484 1129 2561 δέσποτα,
1153 2484 1401 2566 προσταγμάτων

599 2591 636 2653 τά
660 2595 722 2653 τῶν
742 2589 829 2669 ἐμάν
848 2588 1018 2669 προῦθηκα
1041 2589 1132 2674 (φεῦ)
1155 2588 1354 2671 θελημάτων,

539 2696 579 2761 10
600 2693 654 2778 ὑφ’
678 2689 724 2756 ιδν
744 2696 922 2773 παχυνθείς
944 2695 998 2754 καὶ
1019 2691 1213 2767 πλατυνθελς
1234 2692 1270 2755 ἔν
1291 2696 1360 2779 βίφ,
1465 2704 1469 2713 ’

600 2799 671 2880 άρτι
692 2800 856 2878 στενοῦμαι
877 2801 919 2883 τῷ
939 2799 1053 2878 βραχεί
1070 2796 1163 2883 τούτῳ
1186 2796 1281 2883 λίθῳ,

600 2903 644 2977 είς
666 2902 705 2966 ὃν
725 2901 842 2982 γυμνός
864 2903 920 2968 νῦν
941 2899 1011 2965 άντὶ
1030 2904 1093 2964 τῶν
1114 2899 1219 2964 πάλαι
1240 2901 1372 2983 θρόνων

602 3011 656 3069 καλ
677 3010 738 3069 τόν
759 3004 902 3088 όπείρων
924 3000 970 3067 δν
989 3004 1183 3087 ἐπεκράτουν
1203 3007 1310 3068 τόπων

602 3110 707 3192 ὥσπερ
728 3112 824 3192 πένης
845 3132 889 3183 τις
911 3108 1060 3192 δυστυχὴς
1082 3109 1271 3192 άπερρίφην.

540 3216 580 3281 15
602 3217 655 3295 τῆς
675 3216 751 3297 πρὶν
771 3211 807 3276 δὲ
829 3212 1046 3298 λαμπρότητος
1066 3211 1311 3299 άντηλλαξάμην

601 3321 634 3382 τό
657 3320 785 3395 στυγνὸν
806 3316 919 3404 (οἴμοι)
941 3321 1027 3382 τοῦτο
1049 3325 1102 3383 τοῦ
1122 3318 1226 3401 τάφου
1249 3316 1369 3392 σκότος.

603 3421 620 3486 δ
642 3426 722 3502 χθὲς
742 3420 900 3500 βασιλεύς,
922 3420 939 3484 δ
962 3425 1041 3502 χθὲς
1062 3421 1097 3485 ἐν
1117 3420 1195 3511 δόξη
1217 3425 1325 3503 μέγας,

604 3524 621 3591 δ
643 3529 722 3607 χθὲς
744 3525 848 3589 δοκῶν
869 3528 924 3608 γῆς
945 3529 1000 3588 καὶ
1021 3525 1191 3609 θαλάσσης
1213 3525 1374 3611 δεσπότης,

603 3634 741 3696 τοιοῦτον
762 3629 913 3713 έτρόγησα
934 3635 985 3712 τῆς
1007 3628 1164 3712 άμαρτίας

539 3739 582 3803 20
604 3735 747 3800 ἐνταῦθα
768 3735 905 3816 καρπόν,
929 3739 991 3797 τῶν
1013 3733 1041 3796 δ’
1063 3734 1130 3797 έκετ
1150 3734 1268 3796 πλείων
1288 3733 1402 3817 φόβος.

603 3840 639 3912 ἔξ
660 3835 706 3901 ὦν
727 3862 766 3919 με
787 3837 889 3924 ῥῦσαι,
913 3837 1081 3921 δημιουργὲ
1102 3841 1217 3919 Χριστί
1236 3859 1309 3919 μου,

606 3942 698 4026 ῥῦσαι
718 3966 756 4022 με
777 3945 814 4031 τῇ
836 3945 874 4031 σῇ
896 3942 1021 4024 δωρεάν
1041 3940 1264 4022 εόσπλαγχνίᾳ,

605 4047 668 4131 ἥτις
688 4070 728 4129 με
752 4046 881 4122 θάλπει,
905 4051 958 4108 ιιαλ
979 4051 1059 4128 πρὸς
1081 4048 1119 4130 ἢν
1139 4047 1247 4128 βλέπω
1270 4046 1390 4132 μόνην·

605 4149 687 4233 άλλη
706 4151 767 4230 γάρ
790 4148 879 4221 ἐλπὶς
898 4147 1039 4231 οὐδαμοῦ
1060 4153 1220 4236 σωτηρίας.

521 4365 590 4432 88.
605 4359 724 4426 Ἄλλοι.

565 4469 581 4531 1
611 4468 650 4527 Τί
669 4487 725 4545 μοι
745 4465 780 4526 τό
802 4462 912 4543 κέρδος
934 4464 987 4528 τοῦ
1008 4461 1213 4545 ταλαιποίρου
1234 4465 1323 4543 βίους

607 4569 699 4652 ἔζησα
719 4568 833 4649 μικρόν
852 4567 889 4630 ἔν
910 4565 1141 4650 πολυστρόφοις
1161 4570 1286 4648 τύχαις·

606 4672 693 4736 ελδυν
714 4675 752 4735 τά
775 4674 892 4753 τερπνά
914 4671 1021 4734 πάντα
1044 4675 1097 4733 καὶ
1118 4669 1287 4735 τάναντία·

608 4779 687 4857 πρὸς
708 4775 807 4850 δόξαν
829 4775 944 4859 η’ρθην,
965 4775 1113 4860 ἐκφυγόν
1135 4774 1218 4856 ᾅδου
1241 4773 1357 4849 πύλας,

521 4881 586 4970 [ηὸ
607 4883 661 4943 καί
681 4879 827 4960 βασιλεὺς
847 4879 968 4962 ἤκουσα
989 4879 1078 4967 (φεῦ)
1100 4885 1157 4943 καὶ
1178 4880 1340 4963 δεσπότης.

1795 1258 1800 1268 “
1895 1256 1923 1303 τΒ
1948 1253 2051 1322 ἔστρεφε
2079 1253 2100 1308 C

1893 1341 1956 1377 eum
1996 1343 2101 1390 rasura,

1927 1397 1957 1447 in
1976 1414 2032 1464 qua
2051 1417 2066 1447 ν

1893 1465 1978 1521 fuisse
1988 1469 2101 1522 videtur

1895 1539 2064 1591 Studemund
2094 1539 2097 1609 ί

1894 1629 1924 1661 20
1942 1611 2101 1666 Matthaeus

1894 1699 1917 1746 ε.
1936 1701 1965 1733 22

1894 2003 1906 2050 3
1941 1984 2099 2039 Matthaeus

1895 2059 1932 2119 16,
1952 2059 1980 2107 τό
