4560 6172
342 527 406 593 208
1851 523 1938 591 leo

342 699 397 761 τὸν
416 696 514 778 εὐαγῆ
536 699 646 760 τοῦτον
667 695 766 769 οίκον,
799 696 834 756 ιδ
863 698 947 772 μέγα
977 698 1067 774 παρὰ
1091 699 1192 756 πᾶσιν
1214 693 1407 774 άνθράπως
1432 699 1549 774 θαῦμα
1571 702 1627 757 καὶ
1647 696 1764 774 ὄνομα,
1787 693 1936 756 mim·

343 801 477 883 δροίτης
499 801 582 881 δψιν
604 797 688 882 αέτῷ
710 802 910 879 περιτιθέασι
933 797 1066 871 πόλεως.
1087 803 1141 859 καί
1162 797 1298 876 άτεχνιὸς
1328 798 1388 859 τίσι
1409 799 1548 874 πέλαγος
1576 809 1641 872 τοῖς
1662 797 1856 880 δφθολμοῐς
1876 795 1937 874 νδχ

342 901 456 985 ὁρίζον,
479 903 535 985 ὑφ’
555 898 602 966 ω’ν
622 901 778 965 ἁπάντων
800 900 817 962 ὁ
841 905 940 978 μέγας
961 900 1135 982 ὁπερφυιῦς
1155 900 1364 979 μεγαλόνεται
1387 908 1442 961 καὶ
1463 907 1515 982 τῆς
1536 901 1651 966 ἑαυτοῦ
1671 901 1790 984 πληροῖ
1808 898 1937 980 χάριτος

342 1006 455 1080 αὐτούς
476 1030 507 1070 τε
529 1007 598 1080 τοῦς
619 1005 701 1069 οῦτοι
721 1004 972 1085 μεγαλοπρεπός
1002 1008 1156 1082 τεμόντας
1177 1003 1277 1066 ου’τὸν
1298 1011 1353 1065 καὶ
1375 1009 1409 1065 τὸ
1429 1004 1522 1080 ἅγιον
1543 1012 1632 1067 τοῦτο
1653 1009 1707 1065 καὶ
1729 1002 1816 1084 ὁερὸν
1837 1001 1936 1066 αὐτοῦ

341 1113 482 1190 τέμενος,
515 1113 680 1187 πανταχοῦ
707 1111 767 1184 μὲν
798 1106 975 1185 ἐκλάμπον
1007 1108 1057 1168 ἐπ’
1087 1104 1184 1170 αι’τοῦ
1214 1107 1356 1187 φαιδρὸν
1386 1105 1472 1181 οἷον,
1511 1115 1565 1169 καὶ
1600 1111 1655 1180 τάς
1690 1111 1753 1168 τάν
1785 1105 1935 1188 ὁριέντιιν

344 1250 348 1289 :
371 1215 466 1294 ὄψεις
487 1213 523 1275 ἐν
545 1212 647 1294 κέκλη
670 1208 890 1290 περιαυγάζιιν
910 1210 1006 1272 εἴδεσι
1021 1214 1185 1283 παντοίοις
1205 1215 1258 1270 καλ
1274 1211 1431 1292 σχήμασιν
1452 1209 1498 1284 οἷς
1518 1207 1575 1276 οῦτ
1594 1209 1789 1295 α’νθριεπίνχ
1854 1210 1933 1274 301¹

342 1321 431 1404 τέχνη
454 1320 600 1378 τοσοῦτον
623 1317 700 1376 ὅσον
723 1319 871 1393 θειοτέρρ
896 1314 999 1376 νεόσει
1019 1315 1256 1394 μεμόρφιιται*,
1278 1313 1436 1376 ἐνταυθοῖ
1456 1314 1492 1375 δὲ
1513 1321 1566 1375 καὶ
1585 1313 1725 1392 μάλιστα
1739 1316 1831 1392 παρά
1841 1311 1933 1374 τόνδε

342 1423 396 1480 τδν
424 1422 517 1479 θετον
546 1423 598 1479 καὶ
628 1419 742 1478 σεπτδν
771 1412 866 1479 αέτοῦ
896 1418 997 1480 τόπον
1024 1420 1080 1490 τάς
1105 1415 1219 1478 ἑαυτοῦ
1250 1417 1427 1498 πληθύνων
1456 1416 1706 1497 μεγαλουργίας,
1741 1421 1795 1477 καί
1825 1415 1932 1495 ὅσπερ

343 1520 524 1602 ὀφθαλμὸν
545 1518 779 1599 δαψιλέστερον
800 1523 852 1599 τῆς
874 1520 908 1580 ἐκ
929 1522 1047 1584 τοῦτον
1068 1519 1222 1581 ἁπάντων
1250 1522 1327 1597 μιᾶς
1348 1524 1449 1601 πηγῆς
1469 1524 1531 1581 τάν
1555 1522 1734 1597 θαυμάτων
1755 1518 1934 1592 α’ναδιδοὸς

342 1629 397 1686 τὸν
419 1626 581 1704 παρέντα,
615 1623 660 1695 είς
688 1623 727 1684 ὃν
755 1620 811 1686 οέκ
840 1622 902 1683 ολδ
925 1623 1013 1695 ὅπως
1044 1622 1062 1706 ἢ
1090 1627 1262 1702 μαρτυριτη
1292 1622 1381 1683 δοκεῖ
1408 1622 1500 1703 χάρις
1522 1621 1742 1704 όφθονωιέρα
1764 1627 1932 1704 συρρεῦσαι

342 1732 396 1789 καλ
418 1726 658 1808 φιλοτιμοτέροις
684 1723 829 1787 ὁκάστοτε
856 1736 1002 1810 χορηγεῖν
1028 1727 1179 1787 ἐντεῦθεν
1206 1726 1262 1797 τάς
1290 1726 1466 1804 ἐνεργείας,
1499 1728 1558 1788 εἴτε
1592 1727 1647 1788 διά
1670 1731 1703 1787 τὸ
1724 1725 1852 1804 μᾶλλον
1874 1723 1933 1809 (ιὸς

342 1833 456 1910 ἔοικεν)
485 1830 618 1911 ἐμφερές
648 1836 700 1909 της
724 1834 852 1909 μορφῆς
880 1833 924 1911 τῷ
954 1828 1053 1911 ὁμοίω
1084 1828 1183 1889 πλέον
1211 1829 1244 1912 (ὁ
1267 1827 1306 1909 δη’
1329 1831 1425 1913 φασι)
1447 1832 1611 1909 χαίροντος
1640 1832 1694 1890 τοῦ
1724 1827 1848 1907 ὁμοίου,
1878 1833 1932 1888 καῖ

343 1932 397 1993 διὸ
422 1936 510 1995 τοῦτο
534 1937 587 1993 καὶ
609 1930 710 1993 πλέον
732 1934 794 1992 τάν
815 1929 929 2014 ἑτέρων
950 1930 1184 2008 ἐκτυπωμάτων
1211 1937 1265 1996 τοῦ
1293 1933 1502 2010 πρωτοιιὲπου
1525 1936 1611 1996 τοῦτο
1634 1931 1840 2006 δοξάζοντος,
1871 1933 1930 1992 εἴτε

343 2042 397 2098 καί
418 2035 452 2097 ιδ
475 2039 580 2116 σχῆμα
601 2036 679 2114 μετά
702 2038 755 2114 τῆς
775 2032 915 2114 κλησειις
936 2036 1082 2106 ἐπιεικοῦς
1104 2034 1356 2113 άποδεχομένου,
1379 2035 1449 2096 ἐπεὶ
1471 2044 1526 2116 την
1547 2032 1705 2098 εἰτέλειαν
1726 2039 1780 2095 καὶ
1794 2037 1829 2096 τὸ
1843 2032 1931 2095 λιτὸν

343 2144 414 2220 περὶ
436 2140 543 2200 πάντα
565 2142 619 2199 καὶ
640 2136 759 2218 δφελές
780 2137 816 2199 ἐν
838 2141 932 2218 σαρκί
954 2161 984 2198 τε
1007 2136 1069 2209 ζιῦν
1091 2138 1134 2199 ε’τκ
1157 2136 1375 2218 διαφερόντως
1398 2137 1467 2225 ᾔδει
1489 2142 1593 2217 τιμάν,
1616 2142 1670 2197 καί
1685 2133 1766 2214 ῦπέρ
1788 2141 1822 2197 τῦ
1836 2142 1930 2214 σιίμα

342 2245 527 2321 γενόμενος,
562 2247 616 2323 τὴν
637 2240 759 2303 οἰκείαν
787 2239 870 2303 ἔοικε
892 2240 990 2323 φύσιν
1011 2241 1163 2318 ἄτρεπτον
1187 2240 1297 2324 σφ’ζειν
1319 2238 1425 2320 ὥσπερ
1447 2241 1568 2313 ἐντοῖς
1591 2240 1703 2313 ἄλλοις
1732 2236 1794 2301 κάν
1821 2241 1931 2324 τούτῳ.

429 2345 516 2406 4Αιά
541 2347 631 2408 τοῦτο
654 2343 691 2425 δη
715 2344 841 2423 μᾶλλον
863 2348 925 2406 τῶν
946 2345 1101 2424 ἐφίππων
1122 2343 1252 2404 ἐκείνων
1270 2343 1571 2423 καὶπεριλάμπρων
1591 2350 1644 2404 καὶ
1663 2345 1666 2428 Ι
1684 2367 1785 2405 κατα-
1850 2345 1931 2409 301²

342 2445 507 2527 χρόσιινὸ
537 2445 627 2519 πεζὸς
656 2444 732 2528 ἢμτν
760 2441 850 2518 οὗτος
881 2453 936 2507 καὶ
965 2445 1132 2518 πολυτελές
1160 2445 1256 2508 οῦδὲν
1287 2446 1369 2524 ἔχων
1393 2446 1468 2511 οὐδὲ
1490 2448 1629 2526 σοβαρὸν
1652 2444 1721 2508 οῦδ
1743 2445 1930 2527 ὑπέρογκον,

343 2558 398 2624 τάς
428 2548 651 2630 δγοθουργίας
680 2553 946 2632 περιφανέστερος
983 2553 1037 2609 καὶ
1065 2559 1130 2621 τοῖς
1158 2548 1379 2630 φαιδροτέροις
1413 2552 1487 2621 ἴσως
1516 2548 1730 2630 φαιδρότερον
1763 2549 1781 2610 ὁ
1811 2549 1933 2628 μάρτυς

343 2654 526 2734 ἐμπρέπων,
554 2655 597 2737 τῷ
618 2655 757 2735 ταπεινῷ
780 2651 874 2731 χάριν
896 2651 1038 2725 δίδωσιν,
1067 2652 1103 2712 ἐν
1124 2648 1281 2730 ἀσθενείᾳ
1303 2657 1356 2712 καὶ
1377 2647 1467 2724 οὗτος
1494 2651 1574 2734 πρὸς
1602 2655 1636 2732 τὸ
1669 2652 1846 2732 ῦπδδειγμο
1875 2656 1930 2735 τὴν

344 2758 483 2838 δύναμιν
504 2754 603 2822 αὐτοῦ
623 2754 748 2817 τελετῶν
769 2742 823 2815 καὶ
845 2754 901 2816 δια
923 2759 986 2817 τῶν
1006 2754 1183 2816 ἐλαττόνων
1204 2753 1242 2816 τά
1265 2755 1359 2834 μείζω
1381 2759 1563 2836 κατορθοῦν
1584 2754 1736 2821 εῦδοκιῦν.
1764 2756 1819 2818 διά
1840 2760 1931 2819 τοῦτο

344 2859 362 2923 ὁ
386 2862 465 2933 λαδς
487 2858 505 2922 ὁ
528 2860 650 2937 πτωχός
671 2881 701 2920 τε
724 2863 778 2919 καὶ
801 2859 891 2931 πεζὸς
913 2863 968 2919 καλ
990 2858 1103 2931 πολός,
1128 2858 1145 2919 ὁ
1169 2863 1376 2937 πανταχόθεν
1396 2864 1453 2941 γης
1473 2860 1675 2939 ἐπειγόμενος
1697 2858 1779 2939 πρὸς
1799 2863 1855 2941 την
1876 2856 1930 2921 ἐν·

343 2967 453 3026 ιαῦθα
483 2965 538 3028 τοῦ
562 2963 720 3042 μάρτυρος
748 2962 838 3043 τιμη’ν
858 2984 890 3022 τε
912 2966 966 3021 καὶ
988 2962 1099 3035 δόξαν,
1131 2960 1174 3032 ιὸς
1202 2961 1378 3045 ολκειοτέρῳ
1404 2962 1543 3042 μάλιστα
1572 2964 1668 3047 τούτῳ
1696 2967 1739 3044 τῷ
1769 2965 1930 3044 θεσπεσίη

342 3067 535 3148 μορφώματι
558 3070 678 3147 θαρρεῖ
698 3088 729 3127 τε
751 3068 805 3125 καλ
827 3064 987 3146 πρόσεισι,
1017 3071 1070 3125 καὶ
1100 3068 1207 3143 μέντοι
1235 3063 1412 3128 κάντεῦθεν
1434 3066 1492 3143 οδχ
1514 3065 1621 3148 ᾔκιστο
1643 3070 1697 3127 τοῦ
1720 3069 1930 3145 ποθουμένου

343 3169 453 3248 τυχόν,
477 3166 695 3249 άπραγμδνως
718 3168 846 3229 ἄπεισιν
866 3171 1005 3242 ἔκαστος,
1027 3168 1333 3249 μεγαλοφωνότατος
1355 3173 1453 3251 κῆρυξ
1475 3174 1530 3231 καὶ
1551 3170 1774 3251 λαμπρότατος
1796 3169 1930 3245 ἅγγελος

343 3280 394 3352 τῆς
416 3273 607 3353 μαρτυρικῆς
628 3272 826 3354 χρηστότητος
848 3276 901 3332 καὶ
923 3272 1098 3352 δυνάμεως.
1131 3271 1191 3353 ἤδη
1221 3271 1258 3333 δὲ
1286 3278 1339 3333 καὶ
1368 3276 1429 3333 τῶν
1460 3274 1612 3354 ἐφίππων
1640 3272 1671 3334 οἶ
1697 3273 1841 3346 πλείους,
1874 3279 1930 3335 ίνα

343 3379 386 3456 μὴ
409 3376 523 3445 πάντες
544 3373 625 3450 λέγω
649 3374 696 3457 (τδ
720 3372 967 3461 ἀληθέστερον),
999 3381 1078 3458 πρὸς
1100 3379 1209 3441 τοῦτον
1236 3375 1404 3456 ἐξαιρέτως
1431 3375 1667 3451 α’ποσκοποῦσι,
1701 3382 1755 3438 καὶ
1775 3376 1872 3460 τούτῳ
1895 3381 1929 3440 τὸ

344 3477 444 3540 πλέον
465 3481 517 3560 τῆς
538 3481 627 3559 τιμῆς
649 3474 894 3558 άπονείμαντες,
928 3480 1018 3558 παρὰ
1040 3480 1149 3541 τοῦτον
1173 3477 1213 3561 δη’
1235 3502 1262 3539 τι
1284 3483 1338 3540 καὶ
1360 3478 1460 3541 πλέον
1480 3479 1517 3547 εὖ
1537 3482 1698 3552 παθόντες
1719 3477 1933 3560 α’ναχωροῦσι.

433 3583 549 3648 5ταῦτα
570 3585 631 3660 μέν
651 3577 709 3644 οῦν
730 3576 761 3642 οὸ
783 3584 969 3663 πόρρωθεν,
1000 3577 1031 3643 οὸ
1062 3582 1093 3644 δ’
1114 3581 1295 3657 αὐθιγενεῖς
1319 3583 1322 3665 1
1347 3589 1400 3643 καὶ
1429 3583 1460 3644 οὸ
1483 3587 1647 3663 πρόσοικοι
1654 3612 1666 3662 ,·
1698 3583 1784 3645 α’λλά
1849 3586 1930 3649 302ι

343 3684 458 3751 τοῦτον
480 3685 584 3757 οῦδείς
604 3685 686 3746 ἐστιν
709 3684 744 3756 ὁς
765 3682 821 3762 οὐχ
843 3682 921 3764 ὑπὲρ
943 3684 1047 3747 πάντα
1070 3687 1107 3747 τὰ
1132 3689 1289 3763 θαύματα
1312 3688 1346 3747 τὸ
1366 3689 1481 3764 θαῦμα
1496 3691 1586 3749 τοῦτο
1603 3688 1772 3764 θαυμάζει,
1794 3685 1849 3749 τὸν
1869 3691 1931 3766 μὲν

344 3788 422 3851 ὅλον
443 3791 524 3849 ναδν
546 3785 597 3850 οία
619 3792 712 3850 θετον
733 3786 911 3867 α’νάκτορον
933 3792 987 3848 καὶ
1009 3785 1096 3867 ἱερὸν
1117 3788 1215 3860 ὄντως
1237 3788 1330 3864 ἅγιον
1351 3788 1490 3851 ἔνδοθέν
1515 3813 1547 3851 τε
1568 3795 1622 3850 καὶ
1643 3790 1768 3863 ἔξωθεν
1790 3808 1926 3867 προσκυ-

344 3895 466 3964 νυῦντες
487 3890 529 3964 ιὸς
552 3892 635 3963 εέκὸς
657 3898 711 3952 καὶ
732 3893 908 3971 σεβόμενοι,
931 3893 985 3954 τόν
1007 3890 1036 3954 δ’
1058 3890 1155 3974 τὸαγη
1176 3895 1284 3956 τοῦτον
1306 3893 1421 3958 τόπον*
1443 3898 1497 3952 καὶ
1520 3894 1554 3954 τὸ
1576 3897 1825 3973 κεχαριτωμένον
1845 3895 1931 3957 2126-

343 4012 438 4072 νισμα
461 3991 649 4065 ίδιάζουσάν
670 4015 738 4056 τινα
761 3999 813 4055 καί
836 3995 996 4073 ἐξαίρετον
1017 3998 1163 4074 τιμῶντες
1184 3994 1286 4077 τιμήν,
1309 3994 1428 4071 ὁπουγε
1443 4001 1496 4056 καὶ
1511 3994 1607 4075 ὁρκον
1622 3994 1698 4061 αὸτὸ
1713 3995 1932 4077 διαφερόντως

343 4098 529 4177 πεποίηνται
552 4101 604 4156 καὶ
628 4099 705 4178 πρὸς
726 4106 781 4169 τὰς
802 4095 948 4160 ἑκάστοτε
968 4101 1076 4180 χρείας
1096 4100 1221 4181 βοηθὸν
1243 4099 1479 4181 ἐπικέκληνται·
1502 4099 1600 4171 πολὸς
1621 4101 1699 4173 γοῦν
1720 4096 1826 4172 αὐτοῖς
1847 4100 1932 4162 ἐστὶν

343 4198 359 4260 ὁ
384 4198 476 4272 πεζδς
498 4203 674 4278 πανταχοῦ,
703 4200 920 4278 ἐπιβοωμένός
941 4224 972 4262 τε
995 4206 1048 4262 καὶ
1072 4200 1279 4280 διομνύμενος
1302 4207 1454 4283 καὶπρὸς
1478 4207 1587 4263 πᾶσαν
1611 4204 1791 4281 περίστασιν
1813 4201 1931 4266 ιὸσανεί

343 4326 387 4376 τις
409 4301 517 4386 ἐπφδη
540 4302 727 4378 α’λεξίκακος
748 4302 848 4376 δξέως
869 4301 1112 4384 ὀνομαζόμενος.

431 4406 567 4469 6*Ἀλλά
590 4408 654 4488 μὴν
676 4411 730 4467 καί
751 4409 784 4468 τὸ
806 4410 970 4487 σύνταγμα
992 4406 1066 4469 τόδε
1095 4408 1128 4470 ιδ
1160 4411 1246 4489 ίερὸν
1276 4406 1332 4473 οῦκ
1363 4403 1497 4465 α’νεκτὸν
1529 4407 1642 4484 ἔκρινε,
1672 4410 1715 4489 μη“
1750 4411 1932 4490 θεραπείαν

342 4512 482 4593 ἔκκριτον
503 4512 642 4592 ἐξευρεῖν
663 4513 732 4572 τινὰ
756 4515 799 4593 τῷ
820 4515 1002 4596 μαρτυρικῷ
1029 4512 1114 4598 τύπῳ
1144 4512 1240 4596 τούτῳ
1271 4516 1325 4573 καὶ
1354 4507 1444 4590 τιμὴν
1472 4503 1717 4590 ῦπερφέρουσαν
1740 4520 1931 4592 προσνεῖμαι

342 4618 396 4675 καὶ
417 4611 589 4689 α’ποτάξαι.
621 4611 716 4696 ταότη
745 4635 793 4676 τοι
821 4620 874 4676 καὶ
903 4615 974 4678 ὅσοι
995 4617 1030 4678 ἐν
1055 4614 1162 4689 αδυοίς
1182 4614 1391 4693 εδσεέέστεροι
1426 4615 1479 4671 καί
1508 4614 1563 4692 τὴν
1593 4615 1696 4677 πίστιν
1725 4616 1931 4697 θερμότεροι*

415 4783 427 4830 3
447 4763 490 4818 0²¹¹
509 4763 569 4833 περὶ
586 4763 628 4828 τῆς
645 4762 746 4821 εἰκόνος
763 4763 808 4815 τοῦ
826 4763 904 4825 πεζοῦ
920 4767 925 4830 Ι
941 4784 954 4832 5
973 4765 1055 4818 τόπον
1073 4765 1094 4820 O
1113 4764 1163 4820 sed
1181 4765 1259 4835 prius
1279 4783 1294 4816 ο
1312 4763 1431 4818 fortasse
1449 4780 1500 4832 per
1517 4781 1643 4818 rasuram
1661 4765 1691 4818 in
1704 4783 1719 4816 υ
1734 4767 1876 4819 mutatum
1889 4768 1933 4820 ost

344 4834 524 4890 θλαδαοιιπδ.
540 4834 639 4904 scripsi
651 4833 733 4887 τόπον
743 4833 870 4903 λορονδι
883 4835 887 4902 λ
900 4841 915 4888 6
927 4836 969 4891 0⁰¹
981 4837 1043 4906 περὶ
1052 4836 1094 4901 τῆς
1103 4836 1243 4895 διακονίας
1259 4836 1263 4905 Ι
1280 4841 1295 4887 6
1309 4832 1373 4886 ὅσον
1383 4868 1390 4884 .
1399 4868 1421 4885 ..
1431 4833 1610 4904 εὐσεβέστερον
1621 4874 1628 4889 .
1638 4834 1831 4906 ..θερμότερον
1842 4853 1933 4908 apogr
