4560 6172
341 553 428 621 18ss
1861 541 1922 606 193

346 728 400 785 καί
420 725 529 804 μέντοι
550 718 607 795 τὺς
628 721 761 795 έλπίδας
783 718 841 783 οὑκ
863 721 977 802 έφευσε
1000 723 1061 782 τῶν
1083 720 1128 792 εἰς
1148 716 1245 781 αὑτὸν
1268 715 1462 802 η’λίπικότων,
1486 713 1557 778 ἀλλ’
1580 713 1597 778 ὑ
1622 715 1715 794 ταχὺς
1735 715 1780 788 είς
1845 714 1923 780 276²

347 826 538 906 ἀντίληψιν*
560 823 731 889 κάνταῦθα
754 823 886 901 ταχύνει,
909 830 962 884 καὶ
985 827 1016 885 τὺ
1040 821 1134 901 τάχος
1156 821 1232 884 ὅσον
1255 826 1308 882 καὶ
1330 817 1418 882 οίονί

437 929 464 968 ⁶⁶
477 931 554 1009 Ἅρτι
569 932 634 1008 ’μὲν
656 928 701 1000 είς
721 937 827 1007 χεῖρας
849 927 960 989 έλθεῖν
982 931 1047 988 κατ’
1070 925 1218 1008 ἀλλήλων
1239 924 1348 1002 ἔμελλε
1370 927 1407 985 τὰ
1431 923 1652 1005 στρατεύματα,
1675 928 1708 986 τὺ
1729 928 1788 1002 μέν
1810 946 1925 1007 τυραν-

350 1038 438 1096 νικὺν
460 1031 639 1107 ἀπογνώσει
665 1055 695 1092 τε
725 1035 778 1090 καὶ
799 1031 895 1118 τόλμη
919 1033 1197 1111 καθωπλισμένον,
1227 1034 1260 1092 τό
1284 1029 1321 1091 δέ
1340 1051 1374 1104 γε
1395 1028 1561 1106 βασιλικὸν
1583 1029 1789 1091 πλεονεκτοῦν
1810 1032 1869 1106 μὲν
1890 1029 1926 1090 έν

351 1138 501 1212 πλείοσιν,
536 1135 639 1200 οὐδενί
667 1135 702 1198 δὲ
734 1139 869 1215 θαρρεῖν
896 1136 991 1209 οὕτως
1018 1137 1090 1215 έχον
1113 1133 1156 1208 ῶς
1178 1138 1219 1217 τῷ
1242 1131 1361 1212 εὐλόγῳ
1385 1136 1437 1196 τοὺ
1460 1133 1643 1214 πράγματος
1666 1137 1719 1194 καί
1741 1137 1783 1217 τῷ
1805 1131 1926 1194 εύκλεεῖ

351 1246 405 1305 τού
428 1242 592 1322 κινδύνουί·
616 1243 642 1301 τί
663 1238 724 1317 γάρ
748 1239 934 1321 σεμνότερον
955 1241 1050 1319 ἀνδρί
1071 1239 1237 1324 στρατιῶτη
1260 1242 1313 1300 τού
1334 1241 1465 1319 χρηστοῦ
1486 1259 1517 1300 τε
1531 1237 1685 1315 βασιλέως
1701 1236 1928 1317 προκινδυνεύ-

354 1367 406 1409 σαι
431 1351 483 1407 καὶ
505 1350 557 1425 τής
578 1349 632 1407 τοὺ
655 1345 772 1413 ἔθνους
795 1346 970 1423 προθύμως
992 1344 1256 1424 ὑπεραποθανεῖν
1281 1340 1519 1423 μητραπόλεωςς
1549 1340 1617 1418 ἅμα
1645 1343 1751 1402 τοίνυν
1780 1341 1927 1405 ἐντεῦθεν

353 1453 387 1512 τὺ
409 1449 571 1531 ῥωμαίκὺν
593 1449 822 1529 συνεστράτευε,
851 1455 904 1509 καὶ
926 1453 958 1510 τὺ
981 1451 1177 1529 βαρβαρικὸν
1200 1449 1234 1508 ἐκ
1257 1446 1460 1526 συνθήματος
1481 1444 1607 1506 ἐκεῖθεν
1628 1443 1843 1527 προσήγγιζεν·
1869 1445 1927 1527 ήδη

355 1554 391 1615 δὲ
413 1559 467 1613 καὶ
489 1560 522 1614 τὺ
544 1552 671 1632 βόρειον
694 1552 731 1616 ού
751 1554 879 1632 μακράν
901 1551 1075 1635 ἀφεστηκός
1097 1550 1317 1634 ἀπηγγέλλετο,
1347 1554 1400 1612 τοῦ
1430 1552 1533 1628 σοφοῦ
1561 1548 1716 1624 βασιλέως
1736 1554 1777 1631 τῳ
1801 1546 1930 1610 ἀναιδεῖ

355 1657 475 1739 φυγάδι
499 1661 552 1720 καὶ
574 1656 713 1739 πολεμίῳ
735 1661 963 1738 μηχανωμένου
985 1655 1040 1738 τήν
1069 1656 1222 1720 κύκλωσιν
1250 1658 1302 1715 καὶ
1325 1652 1368 1725 ὡς
1388 1653 1423 1714 έν
1445 1651 1565 1738 σαγήνη
1588 1656 1642 1713 τὺν
1662 1652 1818 1733 τύραννον
1841 1676 1927 1732 περι·

357 1761 467 1840 λαβεῖν
489 1760 793 1842 διαστρατηγοῦντος.
883 1759 974 1819 θῖκαί
1003 1761 1041 1841 δή
1070 1759 1240 1822 συνάπτειν
1261 1757 1380 1820 ἐδόκει·
1412 1761 1465 1817 καὶ
1493 1760 1600 1837 παρῆν
1628 1755 1646 1836 ή
1674 1759 1783 1837 κυρία,
1813 1761 1866 1819 καὶ
1887 1764 1929 1841 τηί

357 1863 457 1940 ἀγῶνι
479 1867 512 1926 τὸ
536 1863 712 1944 ἐπιτήδειον
734 1864 857 1945 ὡρίσθη
880 1867 1004 1942 χωρίον,
1033 1871 1085 1925 καὶ
1109 1864 1187 1943 πρὺς
1210 1862 1394 1942 συμπλοκήν
1416 1860 1546 1922 ἐκινεῖτο
1567 1866 1752 1939 περιφανῶς
1774 1862 1812 1922 τό
1836 1883 1929 1944 στρα-

723 1989 827 2049 ναρα
851 1967 978 2050 θέλημα
1001 1971 1152 2052 ταῦτατῷ
1176 1971 1243 2050 θεῷ
1264 1966 1345 2052 τῶν]
1365 1964 1541 2043 δυνάμεων,
1563 1960 1631 2025 οὔδ’
1647 1962 1788 2046 η’νέοχετο
1853 1970 1931 2033 277ι

357 2073 447 2155 μύσει
469 2073 632 2157 τηλικούτῳ
655 2076 837 2154 χραυθήναι
859 2067 913 2152 τήν
936 2071 1032 2146 ἁγίαν
1053 2073 1165 2155 ταύτην
1187 2071 1355 2146 γενέθλιον
1377 2073 1432 2134 τοὺ
1453 2066 1672 2151 η’γαπημένου·
1697 2069 1732 2130 έν
1746 2074 1781 2157 τη·
1797 2075 1932 2151 Χριστοῦ

360 2183 420 2257 γὰρ
444 2174 545 2259 ἡμέρᾳ
567 2215 610 2223 -
633 2182 694 2258 φεὺ
716 2181 849 2257 μανίας·
873 2179 936 2256 φεῦ
959 2175 1167 2255 ἀσεβείας-
1189 2175 1206 2238 ὑ
1229 2173 1367 2257 Χριστοῦ
1386 2171 1465 2244 λαὺς
1486 2171 1618 2252 ἔμελλον
1640 2170 1791 2256 ἀλλήλοις
1812 2180 1930 2259 συρρή-

360 2287 512 2361 γνυσθαι.
543 2281 597 2342 διὰ
627 2286 716 2343 τοῦτο
746 2318 788 2326 -
822 2279 916 2355 λόγου
943 2292 1079 2360 κρεῖττον
1109 2279 1243 2353 παντός,
1278 2284 1361 2359 πέρα
1391 2278 1494 2359 πάσης
1520 2275 1651 2349 ἐλπίδος
1678 2315 1721 2324 -
1749 2278 1932 2363 ἐβρόντησεν

361 2387 489 2467 ἀθρόον
511 2387 546 2461 έξ
568 2385 706 2465 οὑρανοὺ
729 2383 745 2446 ὑ
769 2385 893 2463 κύριος*
914 2388 1063 2468 μυστικήν
1084 2389 1217 2467 βροντήν
1232 2388 1285 2444 καὶ
1298 2382 1488 2464 ἀπόρρητον,
1511 2385 1686 2460 μυσαχθεὶς
1702 2392 1734 2445 τὺ
1749 2387 1934 2465 γινόμενον·

361 2489 457 2554 ἔδωκε
482 2489 592 2570 φωνήν
614 2488 708 2552 αὑτοῦ
728 2485 746 2549 ὑ
768 2487 915 2569 ὕψιστος·
948 2489 1108 2572 ἐσαλεύθη
1138 2488 1155 2572 ή
1178 2489 1234 2570 γή*
1263 2488 1392 2573 (σεισμῷ
1414 2488 1475 2565 γάρ
1498 2485 1541 2546 ἄν
1568 2508 1612 2557 τις
1642 2487 1795 2550 είκάσειεν
1824 2489 1935 2570 όρθῶς

362 2597 396 2657 τό
419 2590 576 2674 συμβάν),
607 2592 833 2673 ἐταράχθησαν
854 2593 936 2675 ἔθνη
959 2595 1010 2678 (τά
1033 2598 1084 2675 τής
1106 2591 1277 2673 ἀνταρσίας
1299 2591 1540 2676 στρατεύματα),
1573 2590 1702 2653 έκλιναν
1730 2590 1830 2664 εὑθὺς
1856 2597 1936 2674 πρὺς

364 2697 477 2782 φυγήν,
506 2695 560 2760 οὐκ
588 2696 754 2771 ένεγκόντα
783 2699 837 2756 τὸν
867 2697 998 2758 ἀνωθεν
1020 2697 1195 2759 ἀντίπαλον
1224 2702 1277 2758 καί
1299 2694 1462 2775 πολέμιον.
1495 2700 1548 2757 καὶ
1572 2693 1587 2777 ή
1612 2697 1695 2776 φυγή
1718 2699 1851 2777 σωτηρία
1874 2709 1936 2771 τοῖς

364 2806 496 2884 φυγοῦσι
519 2804 726 2860 καθίσταται·
757 2801 920 2881 καταφυγή
948 2802 1009 2880 γὰρ
1040 2800 1087 2882 ἦν,
1118 2801 1156 2863 οὑ
1184 2802 1284 2882 φυγή,
1316 2805 1359 2882 τῶ
1381 2799 1507 2878 βασιλεῖ
1524 2801 1594 2871 τοὺς
1616 2804 1690 2878 πρὶν
1711 2798 1871 2882 ὑπηκόους
1892 2804 1936 2876 εἰς

365 2905 563 2970 ἀποστασίαν
593 2902 800 2983 λυττήσαντας
830 2901 910 2982 πρὺς
938 2904 1121 2968 εὐπείθειαν
1151 2903 1247 2977 αὖθις
1270 2909 1463 2983 θαυμαστῶς
1483 2905 1704 2978 έπανάγουσα.
1792 2903 1852 2967 ⁶⁸15
1874 2907 1937 2987 ἔτι,

364 3012 532 3089 γυμνοῦται
555 3009 616 3069 τῶν
639 3008 811 3084 συμμάχων
832 3004 849 3068 ὑ
872 3007 1038 3085 τύραννος·
1073 3010 1281 3088 έκθαμβεῖται
1310 3012 1389 3088 πρὸς
1418 3010 1451 3069 τὺ
1480 3009 1667 3087 γενόμενον·
1700 3007 1860 3089 πλήττεται
1881 3017 1938 3084 τάς

364 3117 486 3197 φρένας
507 3115 549 3195 τῷ
572 3108 762 3193 παραδόξῳ·
785 3109 996 3185 ἀπογινώσκει
1012 3117 1064 3195 τήν
1078 3118 1249 3195 σωτηρίαν·
1273 3113 1395 3195 φεύγει·
1420 3111 1712 3191 καταλαμβάνεται·
1736 3107 1796 3177 ὑπὺ
1814 3114 1939 3195 δεσμοῖς

366 3224 418 3280 καὶ
441 3218 556 3288 κλοιοῖς
579 3215 799 3291 ἀναπέμπεται
825 3218 944 3277 θᾶττον
966 3215 1009 3289 ῶς
1028 3217 1178 3294 βασιλέα,
1212 3218 1337 3298 ψυχρόν
1357 3219 1568 3295 παραμύθιον
1590 3216 1646 3301 (ῶς
1668 3216 1703 3278 έν
1725 3229 1834 3291 κακοῖς
1855 3221 1939 3301 τηλι-

367 3323 510 3408 κούίτοις)
538 3325 591 3381 τὸν
621 3315 864 3398 ἀρχιστράτηγον
894 3321 975 3397 ἔχων
1004 3320 1163 3403 όεσμῶτην
1185 3319 1329 3393 ὡσαύτως
1354 3319 1499 3382 κάκεῖνον
1521 3321 1793 3398 συναπαγόμενον.
1860 3325 1939 3389 2772

366 3423 453 3499 οὗτος
475 3426 502 3488 δ’
527 3423 573 3506 η’ν,
597 3423 700 3501 ῶσπερ
724 3420 830 3497 λόγος,
861 3422 878 3485 ὑ
907 3428 940 3485 τὺ
969 3429 1036 3485 πᾶν
1065 3430 1193 3497 συνθείς
1221 3425 1330 3505 δρᾶμα
1359 3430 1412 3484 καὶ
1440 3426 1474 3486 τὺ
1504 3427 1617 3504 πικρόν
1640 3424 1792 3508 ὑπόδημα
1815 3427 1938 3509 ῥάψας,

369 3530 526 3600 δέκείνος
548 3526 564 3590 ὑ
585 3526 719 3606 μάταιος
741 3524 783 3597 ῶς
804 3527 846 3608 μή
869 3528 1014 3608 ῶφειλεν,
1039 3528 1231 3611 ὑπεδήσατο,
1262 3527 1305 3600 ῶς
1334 3529 1477 3592 ἐνταῦθα
1498 3527 1624 3608 μᾶλλον
1645 3529 1776 3612 έκβήναι
1798 3535 1853 3614 τήν
1876 3557 1940 3595 πα-

366 3635 462 3697 λαιὰν
484 3633 660 3710 παροιμίαν
681 3631 977 3711 πραγματικῶτερον
999 3637 1052 3692 καὶ
1074 3636 1276 3714 σαφέστερον.

457 3736 483 3776 ⁸⁹
492 3737 571 3818 Ἤδη
592 3739 670 3812 γοῦν
692 3737 734 3815 τῶ
756 3735 845 3810 τείχει
867 3735 1085 3818 προσήγγιζον·
1120 3741 1173 3797 καὶ
1203 3739 1333 3812 στυγνὺν
1364 3735 1467 3808 αὑτοίς
1501 3735 1687 3818 πρόσταγμα
1717 3741 1807 3820 παραὶ
1836 3745 1941 3824 χρήμα

370 3844 588 3924 προσυπακτᾷ.
624 3837 885 3917 ἀναρπασθέντες
914 3844 1019 3902 τοίνυν
1047 3840 1110 3902 ὑπό
1139 3846 1233 3901 τινῶν
1266 3838 1363 3912 εύθὺς
1392 3838 1577 3919 ἀλαστόρων
1615 3840 1660 3915 οίς
1689 3845 1782 3924 ἔργον
1811 3848 1941 3924 στόματα

368 3947 556 4026 σπαράττειν
578 3941 794 4023 ἀνθρώπινα,
824 3949 876 4003 καί
897 3949 980 4024 χερσὶ
1004 3945 1224 4024 παλαμναίαις
1252 3941 1483 4023 ἀνατραπέντες
1509 3942 1554 4016 είς
1574 3947 1649 4026 χήν,
1681 3947 1777 4012 αὑτοῦ
1806 3951 1868 4028 πρὺ
1891 3954 1942 4032 τῆς

370 4052 467 4133 πύλης
489 4049 520 4112 οὶ
542 4050 675 4112 δείλαιοι
704 4045 903 4128 ἀμφοτέρους
926 4047 1006 4126 ὑμοὺ
1029 4046 1100 4120 τοὺς
1121 4046 1317 4128 όφθαλμοὺς
1347 4047 1587 4129 έκτυφλοὺνται,
1621 4054 1673 4109 καὶ
1696 4055 1749 4111 τόν
1772 4054 1870 4114 τόπον
1891 4058 1943 4136 τής

370 4158 538 4232 παροινίας
560 4157 613 4213 καὶ
635 4157 686 4234 τής
708 4155 856 4231 τιμωρίας
877 4149 975 4212 τύπον
997 4152 1205 4231 εὑρίσκουσιν·
1242 4151 1311 4229 ἐμοὶ
1331 4155 1391 4229 μὲν
1409 4150 1446 4216 οὑ
1460 4153 1588 4233 σφόδρα
1610 4156 1687 4213 καθ’
1702 4152 1829 4236 ήδονήν,
1853 4157 1941 4235 οἶμαι

369 4259 404 4320 δὲ
427 4256 493 4322 οὐδ’
517 4256 605 4340 ἄλλῳ
628 4260 687 4316 τινί
707 4259 768 4317 τῶν
791 4255 938 4317 ἐπιεικῶν
968 4262 1021 4316 καὶ
1042 4260 1175 4336 μετρίων
1205 4261 1256 4316 καὶ
1286 4256 1318 4318 τὺ
1349 4258 1519 4335 συμπαθὲς
1545 4256 1789 4338 φιλανθρώπως
1817 4266 1888 4340 περὶ
1909 4263 1942 4325 τὸ

369 4366 510 4440 συγγενές
532 4361 805 4437 ἐπιδεικνυμένων.
829 4364 882 4418 καί
904 4360 995 4421 οὔπω
1017 4359 1097 4436 λέγω
1120 4364 1190 4433 τοὺς
1213 4360 1339 4434 ἀλλους,
1362 4356 1435 4422 ἀλλ’
1448 4357 1533 4443 αὑτῶ
1552 4361 1679 4440 βασιλεῖ
1698 4367 1740 4444 τῳ
1762 4368 1813 4444 τῆς
1832 4369 1943 4446 ποινῆς

369 4467 474 4555 ὑριστή
497 4467 633 4528 ἐλεεινὸν
655 4464 739 4538 άγαν
761 4463 850 4537 ἔδοξε
872 4465 905 4525 τὸ
929 4463 1038 4535 πάθος
1060 4465 1170 4543 έκεῖνο,
1194 4471 1246 4524 καὶ
1270 4462 1434 4539 τοῦλόγου
1455 4465 1573 4544 μάρτυς
1594 4463 1611 4527 ὑ
1636 4467 1745 4540 λέγων,
1769 4465 1848 4526 ίόῶν
1864 4467 1944 4528 πολ-

368 4571 459 4645 λάκις
480 4574 533 4633 τόν
555 4570 661 4647 ἀνδρα
683 4573 797 4651 (βαβαῖ
818 4570 1068 4650 φιλοικτίρμονας
1091 4569 1208 4650 έκείνης
1224 4568 1228 4653 ί
1247 4569 1364 4649 ψυχῆς)
1388 4578 1450 4640 τοῖς
1466 4571 1665 4631 πεπονθόσιν
1686 4568 1801 4630 έπιδα-
1867 4573 1945 4636 278ι

368 4677 532 4758 κρόσαντα.
555 4674 716 4751 ἀναγκαία
739 4674 766 4735 δ’
789 4673 874 4752 ὅμως
898 4670 914 4753 ή
938 4669 1066 4742 κόλασις
1087 4671 1132 4743 είς
1155 4667 1339 4751 ἀποτροπήν
1363 4674 1530 4753 πονηρίας·
1554 4678 1607 4732 καὶ
1622 4676 1688 4745 πῶς
1702 4684 1763 4752 γαρ
1779 4671 1825 4734 ἀν
1839 4674 1946 4746 ἄλλως

369 4780 400 4842 οί
423 4786 512 4842 κακοί
534 4781 787 4861 σωφρονήσειαν,
816 4784 859 4858 μή
888 4775 1037 4846 τοιούτοις
1066 4772 1218 4855 εὐκαίρως
1246 4773 1454 4856 ὑποδείγματι
1483 4776 1729 4858 παιδευόμενοις
1763 4774 1859 4840 ὑπότε
1892 4785 1946 4841 καί

343 4959 346 4966 ,
440 4908 467 4970 ⁶5
489 4904 581 4959 Psalm
599 4921 633 4954 κα
653 4901 703 4954 20?
719 4905 723 4967 ί
740 4907 768 4968 ⁶7
788 4900 881 4954 Pealm
900 4901 925 4960 ιζ
943 4919 972 4963 14
987 4906 991 4962 Ι
1008 4902 1036 4964 ⁶7
1058 4897 1149 4950 Psalm
1167 4898 1192 4957 ιζ
1209 4903 1222 4949 8

1589 5012 1634 5071 25
