4560 6172
420 719 516 803 ᾔτην
539 713 667 798 ούπὲριΙ
683 716 751 779 όεέν
771 715 842 779 α’ντί
861 721 913 802 τῆς
938 716 1045 781 ›dm‹
1072 720 1204 803 φράσεις
1287 715 1290 720 ’

320 861 324 876 .
418 823 462 896 εἰς
484 824 696 904 συμπέρασμα
719 823 772 883 τοῦ
796 820 890 899 λόγου
913 822 1173 904 προσλαμβάνειν
1180 854 1192 904 ,·

416 925 553 1006 μάλιστα
574 929 634 1004 μέν
655 947 739 998 πως·
765 923 834 987 άντὶ
854 927 917 1007 γάρ
939 926 1046 990 τούτου
1068 929 1140 991 τόδε

420 1031 553 1111 άμεινον
573 1029 674 1092 εἰπεῖν
696 1028 823 1108 μάλλον
843 1030 925 1093 τίνοι
947 1033 1003 1115 την
1025 1030 1153 1111 πράσιν,

354 1136 398 1200 40
420 1136 440 1219 ἢ
460 1134 529 1207 τούς
549 1132 711 1206 τοσούτους
733 1134 958 1215 έκπεριτρέχειν
981 1136 1120 1210 κύκλους.

422 1239 528 1302 ἔπειτα
551 1238 652 1319 πολλὴ
675 1241 837 1315 συγγένεια
861 1243 940 1317 πρός
960 1238 1036 1302 τάδε

419 1347 455 1432 τῇ
478 1345 630 1426 προθέσει
654 1344 799 1422 πρόσεστι
820 1347 1069 1427 μαρτυρουμένη,

422 1444 500 1508 ἄνθ’
523 1441 569 1508 ὦν
591 1447 713 1526 πέφυκε
735 1444 964 1524 λαμβάνεσθαι
986 1446 1150 1519 πολλάκις.
1173 1500 1176 1507 .

423 1557 491 1622 πῶς
513 1547 569 1614 οὖν
591 1549 728 1638 στερηθῇ
748 1555 811 1611 τῶν
831 1547 942 1633 ἑαυτῆς
963 1550 1110 1628 ένθάόε,

358 1656 402 1721 45
424 1659 498 1733 νικᾷ
522 1652 563 1715 δι’
584 1650 717 1733 άμφοίν.
740 1650 815 1713 ὥστε
838 1657 1045 1736 συγχωρητέα.

424 1758 453 1820 εἰ
475 1757 505 1819 δ’
526 1756 623 1829 ἄλλος
645 1754 742 1837 αύτην
763 1754 924 1830 ἐξελαύνει
946 1779 990 1828 τις
1011 1758 1114 1832 λόγος,

424 1864 445 1945 ἢ
466 1860 581 1935 δεῖξον,
605 1862 624 1943 ἢ
645 1862 781 1942 σίγησον,
805 1861 824 1939 ἤ
844 1858 947 1933 δόξεις
967 1860 1069 1943 μάτην

425 1963 608 2049 ἐπηρεάζειν
630 1968 697 2036 τοὺς
719 1957 918 2036 ἀνευθύνους
940 1962 1063 2038 λόγους.

427 2068 482 2132 οὐκ
504 2068 640 2145 εὐλόγως
662 2065 697 2128 δὲ
719 2070 772 2129 τοῦ
794 2065 889 2142 λόγου
911 2069 966 2128 τόν
987 2067 1163 2149 προστάτην

360 2175 404 2241 50
427 2172 550 2260 Ιλόγοις
570 2172 735 2253 μάχεσθαι
757 2170 885 2252 σφόόροι
907 2172 969 2233 τεόν
991 2168 1183 2248 όνευλόγων.

341 2386 408 2453 all.
433 2380 518 2460 Πρός
539 2380 609 2451 τοὺς
630 2377 770 2459 α’καίρως
793 2375 988 2456 στιχίζοντας.

387 2486 568 2565 1”Αριστον
589 2483 671 2544 εἶναι
694 2486 761 2544 πάν
781 2484 895 2563 μέτρον
917 2486 1050 2561 προεέπέ
1071 2505 1124 2556 τις.

429 2586 516 2664 κάγοὶ
538 2586 574 2649 δὲ
595 2597 717 2667 μετρεῖν
739 2585 972 2667 πράξινεῑόοίς
994 2591 1046 2647 καὶ
1069 2585 1173 2662 λόγον,

427 2695 551 2773 μέτροις
573 2688 665 2770 ὁρίζω
688 2695 741 2751 καὶ
764 2688 878 2766 λόγους
899 2693 968 2763 τοὺς
990 2691 1168 2771 ἐμμέτρους.

428 2799 542 2878 μέτρον
564 2794 592 2857 δ’
615 2797 657 2856 όν
678 2797 725 2878 εἴη
747 2798 816 2856 πάν
837 2797 870 2856 τὸ
893 2797 1072 2877 συμμέτρως
1094 2795 1174 2873 ἔχον.

386 2902 408 2968 5
428 2903 543 2982 μέτρον
564 2898 595 2961 δ’
616 2899 751 2980 ἄμετρον
772 2895 920 2976 ούόαμιός
943 2900 1056 2977 μέτρον
1078 2898 1169 2973 λέγω.

430 3007 542 3066 σκόπει
565 3004 598 3065 τό
622 3001 724 3086 ῥητόν,
748 3007 801 3064 καὶ
823 3002 913 3074 σόνες
932 3004 961 3063 τί
982 3020 1032 3064 σοι
1053 3001 1145 3078 λέγει.

430 3109 465 3171 έκ
490 3105 655 3187 Πινδάρου
678 3123 727 3168 σοι
748 3112 836 3170 τοῦτο
858 3107 910 3168 τού
932 3105 1127 3187 σοφωτάτου.

432 3217 485 3274 καί
506 3215 562 3291 μοὶ
584 3214 686 3292 μέτρει
707 3212 777 3291 μέν,
800 3207 883 3284 ἀλλ’,
905 3208 1019 3289 ἄριστε,
1042 3209 1098 3274 σὺν
1118 3213 1235 3295 μέτρῳ·

432 3322 485 3379 καί
507 3318 561 3377 τόν
583 3314 682 3391 λόγον
702 3317 763 3393 γάρ
786 3314 841 3378 σὺν
863 3311 945 3396 λόγῳ
968 3316 1145 3392 χειριστέον.

370 3424 411 3487 10
433 3424 538 3492 κακῶς
559 3418 595 3481 δὲ
615 3419 658 3498 μὴ
681 3418 718 3482 σύ
739 3421 782 3501 τῷ
803 3416 891 3498 καλῷ
914 3415 1045 3497 κέχρησό
1061 3439 1132 3496 μοι·

432 3522 564 3605 α’μετρία
585 3522 647 3602 γάρ
670 3524 831 3599 πανταχοῦ
853 3520 953 3582 κακόν
973 3523 1065 3600 μέγα,

432 3629 569 3708 μάλιστα
592 3628 621 3689 δ’
646 3622 662 3710 ἢ
687 3629 868 3710 φθείρουσα
890 3628 945 3707 τὴν
964 3628 1078 3708 μέτρου
1101 3624 1207 3708 φύσιν.

350 3839 416 3909 85.
436 3834 628 3915 Ἐπιτύμβιοι
650 3834 695 3905 είς
716 3832 769 3895 τόν
790 3831 888 3914 φίλον
910 3831 1042 3914 Μιχαὴλ
1064 3834 1118 3895 τόν
1139 3831 1299 3896 διάκονον.

395 3944 411 4006 1
430 3937 472 4002 Ἡ
489 3944 541 4021 τῆς
562 3940 704 4020 μεγίστης
725 3935 836 4019 ἦδύτης
857 3935 1031 4019 ἐκκλησίας,

435 4046 469 4106 τό
490 4047 544 4126 τῆς
566 4045 735 4125 κρατούσης
758 4043 813 4104 νῦν
835 4039 950 4122 άηόίας
972 4040 1064 4115 άλας,

436 4146 453 4211 ό
477 4152 542 4222 πάς
561 4150 740 4227 γλυκασμὸς
761 4152 813 4227 τῆς
835 4148 911 4205 καθ’
936 4143 1018 4228 ἡμᾶς
1040 4146 1167 4225 πικρίας

437 4251 578 4335 άπῆλθε,
601 4252 656 4314 τόν
679 4252 827 4334 δύστηνον
848 4248 988 4311 έκλιπων
1008 4253 1095 4329 βίον·

394 4358 415 4424 5
437 4355 512 4440 ἡμῖν
533 4356 569 4419 δὲ
593 4362 623 4418 τό
648 4355 702 4437 ζῆν
723 4355 893 4437 συμφοράν
915 4351 1010 4434 όφείς
1029 4353 1144 4434 μόνον,

438 4459 529 4533 αὐτὸς
552 4458 699 4540 διαδράς,
723 4460 839 4536 οἴχεται
861 4460 1064 4536 σεσωσμένος.

439 4563 476 4627 αι’
496 4565 558 4644 γάρ
580 4562 706 4625 δίκαιον
728 4559 766 4644 ἦν
788 4563 821 4623 τό
845 4569 915 4644 φῶς
937 4560 998 4624 ὑπό
1022 4561 1149 4633 σκότους

437 4669 480 4731 ἔτι
503 4670 699 4748 κρατεῖσθαι,
724 4670 777 4727 καὶ
799 4664 979 4744 όιαυγόζειν
1000 4666 1111 4747 μάτην,

439 4772 569 4836 πάντων
592 4771 768 4855 φιλούντων
790 4769 827 4834 οό
847 4771 880 4834 τό
904 4774 983 4854 φάς,
1005 4774 1038 4834 τό
1061 4770 1096 4833 δὲ
1119 4768 1239 4843 σκότος.

378 4880 419 4944 10
442 4876 542 4964 Ιόθεν
563 4879 687 4957 μετέστη
711 4879 792 4956 πρὸς
812 4875 846 4938 τό
869 4878 1011 4953 συγγενὲς
1032 4875 1144 4949 σέλας·
1374 4870 1429 4936 16²
