4560 6172
503 533 547 596 90

504 699 562 768 οὖν
589 699 798 784 α’ντιγράφων
827 698 929 778 ἁγίων
958 698 1131 783 άξιωθήτω
1161 695 1179 763 ό
1209 705 1369 782 περικαῶς
1397 699 1477 764 οὑτω
1505 702 1602 764 ταῦτα
1633 698 1758 782 διψῶν,
1796 705 1850 761 καὶ
1881 704 1934 762 τοῦ
1968 698 2099 762 πάντων

506 803 705 888 δωρημάτων
726 803 870 885 μείζονος
892 804 1007 886 διόρου,
1029 806 1093 866 τόν
1116 804 1312 886 θεοτιμήτων
1340 801 1443 883 εὐχῶν
1470 807 1524 867 τοῦ
1554 800 1697 884 μεγάλου
1728 807 1781 863 καὶ
1804 802 1923 866 ἐνθέου
1943 802 2098 866 δεσπότου

503 930 578 989 μου,
600 911 680 988 πρὸς
701 907 740 971 όν
762 906 806 981 εὑς
827 908 990 988 ἐλάχιστος
1012 905 1114 970 πάλιν
1135 909 1268 990 ἔγραψα
1290 906 1414 980 δοῦλος.

594 1011 598 1099 Ι
625 1013 722 1081 166.
744 1010 788 1088 ξζ.
813 1007 880 1076 1Οὑ
901 1010 1004 1074 καλδν
1024 1014 1086 1092 μέν
1107 1017 1161 1073 καὶ
1183 1012 1243 1094 ἤδη
1265 1015 1300 1074 τό
1314 1010 1435 1092 μέλλον
1456 1011 1761 1091 προμαντευόμενος,
1784 1007 1953 1092 ήγιασμένε
2021 1009 2098 1074 107ι

503 1137 567 1195 μου
596 1116 736 1178 δέσποτα
765 1119 820 1176 καλ
848 1113 922 1198 φίλε
951 1122 1005 1176 καλ
1034 1113 1175 1195 άδελφέ,
1207 1114 1389 1198 βραδυτῆτα
1416 1113 1613 1194 γραμμάτων
1643 1112 1698 1175 διά
1729 1117 1785 1195 τὴν
1811 1117 1875 1174 τόν
1897 1113 2097 1195 πραγμάτων

505 1219 678 1303 τραχύτητα
701 1221 943 1299 συνταττόμενος
964 1216 1039 1298 ὑμῖν
1061 1223 1114 1280 καὶ
1137 1217 1310 1302 όπαίρων,-
1330 1219 1359 1280 εί
1378 1223 1420 1302 μή
1443 1217 1619 1298 έξελάθου,
1651 1217 1927 1299 προανεφιόνησα,
1955 1215 2039 1279 πολὺ
2060 1215 2096 1276 δὲ

504 1326 642 1404 χείροσιν
665 1322 773 1395 αὐτοῖς
794 1322 932 1402 έντυχολν
962 1324 1198 1406 ήπροείκασα,
1227 1323 1355 1394 ελκότως
1384 1326 1437 1384 καλ
1465 1321 1604 1402 βράδιον
1633 1323 1654 1404 η“
1682 1319 1872 1404 διενοούμην
1894 1319 2096 1401 άντέγραψα,

506 1426 558 1489 αἐί
579 1450 649 1490 τινα
673 1423 839 1508 ῥᾳσταίνην
860 1424 996 1499 ἐλπίζων
1018 1431 1071 1488 καλ
1092 1426 1271 1508 μεταβολήν
1293 1428 1373 1506 πρός
1394 1431 1428 1489 τό
1449 1426 1591 1504 βέλτιον,
1622 1423 1665 1496 τός
1686 1427 1729 1486 άν
1749 1447 1777 1486 τι
1800 1426 2003 1508 χρηστότερον
2025 1422 2096 1485 άντλ

505 1535 568 1594 τόν
590 1531 744 1593 έναντίων
766 1530 868 1609 ε’χοιμι
889 1530 1038 1610 γράφειν.
1069 1530 1148 1595 2νῦν
1170 1528 1226 1596 οὑν
1247 1529 1342 1610 μόλις
1362 1535 1467 1609 τυχοίν
1489 1567 1530 1578 -·
1553 1527 1611 1594 οὑκ
1634 1528 1732 1592 αὑτοῦ
1753 1530 1875 1590 έκείνου
1897 1531 1950 1592 τού
1966 1531 2096 1589 ποθου-

503 1638 620 1716 μένου·
645 1632 766 1697 πολλού
787 1631 849 1713 γάρ
872 1632 916 1694 ότι
938 1637 993 1693 καὶ
1015 1633 1065 1696 δεῖ
1085 1671 1146 1712 -,
1181 1626 1268 1698 άλλά
1289 1655 1372 1706 τινος
1394 1632 1493 1716 όρμής
1514 1633 1594 1713 πρός
1615 1634 1719 1695 έκεῖνο
1750 1636 1804 1693 καλ
1826 1629 1925 1713 α’ρχής
1946 1628 2095 1711 όμυδρᾶς

506 1737 561 1801 διὰ
583 1739 638 1820 τήν
656 1740 752 1801 θείαν
766 1735 1032 1819 φιλανθρωπίαν,
1057 1742 1112 1799 καὶ
1133 1736 1176 1811 ὥς
1197 1738 1233 1800 έν
1256 1737 1345 1819 ἡλίου
1368 1738 1579 1819 προδιαυγείηι
1600 1735 1661 1818 ήδη
1683 1739 1740 1796 καλ
1762 1732 1858 1800 αὑτόν
1880 1735 2092 1797 οἷνατείλαντα

505 1841 670 1914 πιστεύσας
692 1839 793 1921 όρόν,
823 1839 1039 1923 εὐθυμότερον
1068 1840 1161 1919 ἔσχον
1188 1862 1215 1903 τι
1236 1842 1352 1923 μικρόν
1373 1848 1427 1903 καί
1449 1838 1647 1913 α’νέπνευσα,
1683 1841 1882 1922 παραχρῆμα
1905 1838 1941 1900 δὲ
1964 1842 2093 1902 καὶτοῦ

504 1946 616 2026 χρέους
636 1941 845 2023 εὐγνωμόνως
867 1943 1041 2026 έμνήσθην.
1067 1949 1119 2004 καλ
1141 1942 1326 2023 α’ποδίδωμι
1349 1943 1522 2026 πρόθυμος
1548 1983 1582 1994 -
1606 1945 1636 2006 ελ
1657 1949 1818 2023 καλτυχόν
1832 1940 2028 2025 ὑπερήμερος
2050 1980 2093 1990 -

504 2050 548 2133 τῷ
571 2048 708 2134 δεσπότῃ
729 2051 790 2128 μὲν
810 2053 866 2129 τήν
888 2047 1110 2130 προσκύνησιν,
1134 2051 1178 2130 τηῖ
1201 2047 1236 2110 δὲ
1259 2049 1343 2131 φίλῳ
1364 2052 1420 2123 τὴν
1442 2050 1709 2132 προσαγόρευσιν,
1742 2053 1795 2109 καὶ
1818 2046 1873 2110 διό
1895 2046 2093 2126 γραμμάτων

505 2151 699 2236 όμφοτέροις
726 2150 884 2232 γνωρίζω,
917 2153 960 2235 τῷ
984 2150 989 2238 Ι
1011 2155 1072 2229 μέν
1099 2153 1154 2234 τήν
1184 2155 1288 2214 πίστιν
1317 2151 1363 2214 ότι
1385 2155 1510 2230 βεβαία,
1543 2156 1587 2235 τῷ
1609 2151 1645 2214 δέ
1673 2153 1729 2234 τήν
1749 2151 1878 2216 εὔνοιαν
1901 2147 1947 2211 ότι
2016 2149 2093 2214 107²

505 2254 730 2339 άμετάβλητος.
786 2253 826 2337 εἠ’
849 2257 909 2334 μέν
930 2257 1036 2317 τοίνυν
1054 2255 1092 2336 σή
1114 2254 1265 2339 τελειότης
1292 2259 1347 2317 καλ
1366 2258 1592 2336 προσειρήσθω
1613 2255 1721 2317 ταῖσδε
1743 2264 1812 2326 ταῖς
1833 2253 2019 2331 συλλαβαῖς,
2039 2256 2093 2313 καλ

505 2361 541 2422 τό
564 2364 695 2422 πάντων
719 2357 921 2421 δικαιότατον
936 2357 1087 2440 ὄφλημα*
1108 2361 1196 2422 τοὺτο
1218 2362 1271 2441 τῆς
1293 2356 1423 2440 α’γοίπης
1437 2357 1643 2436 α’πολαβέτω·
1666 2358 1704 2421 τά
1728 2361 1808 2438 πρδς
1829 2359 1885 2441 τήν
1907 2356 2095 2438 δεσποτικήν

506 2462 543 2526 δέ
566 2468 619 2523 καὶ
641 2465 739 2524 θείαν
759 2461 976 2543 μακαριότητα
998 2459 1169 2524 κάνταὺθα
1192 2463 1250 2524 σὸν
1271 2462 1363 2541 ἔργον
1386 2465 1439 2523 καλ
1460 2468 1513 2542 τῆς
1533 2461 1720 2542 ελλικρινοὺς
1741 2463 1785 2546 τηό
1807 2461 1873 2523 ὄντι
1896 2461 2023 2542 φιλίας,
2059 2456 2093 2524 εὑ

506 2570 618 2628 θεῖναι
641 2570 749 2628 πάντα
772 2570 826 2627 καλ
849 2563 892 2638 ὡς
912 2563 988 2647 ήμῖν
1010 2563 1223 2645 καταθόμιον,
1254 2565 1322 2647 ήτοι
1351 2565 1406 2627 τόν
1428 2562 1507 2646 ὑπὲρ
1528 2569 1582 2648 τῆς
1602 2564 1790 2648 ὑστερήσεως
1811 2567 1875 2626 τῶν
1894 2567 2093 2644 γραμμάτων

506 2667 671 2748 άπόλογον
691 2669 747 2751 τήν
768 2667 870 2734 αὑτοῖν
891 2690 922 2730 τε
943 2667 1060 2733 τούτων
1081 2669 1256 2751 ελσαγωγήν
1278 2674 1332 2730 καὶ
1353 2675 1408 2752 τὴν
1430 2668 1620 2752 παραδοχὴν
1642 2669 1755 2753 ταύτης
1769 2667 1808 2753 δή
1824 2672 1876 2752 τῆς
1892 2667 2093 2752 φαυλοτάτης

505 2776 730 2857 καρποφορίας
752 2773 791 2856 ἢν
812 2774 1073 2854 συνεπέμψαμεν,
1096 2772 1162 2835 είτα
1184 2778 1240 2856 τήν
1260 2773 1332 2854 ἐμοὶ
1352 2773 1569 2855 πολυίραστυν
1590 2773 1645 2836 διό
1668 2778 1731 2836 τῶν
1744 2773 1873 2836 ἐκεῖθεν
1885 2768 2094 2854 όντιγράφων

505 2874 686 2956 όπύκρισιν.
727 2874 827 2940 ‘mid
853 2872 911 2940 οὖν
932 2874 1063 2939 ἅπαντα
1085 2875 1190 2950 καλῶς
1212 2882 1265 2938 καὶ
1288 2874 1385 2952 α’ξίως
1406 2876 1518 2960 ἑαυτῆς
1540 2874 1558 2960 ή
1582 2875 1763 2961 α’κραιφνής
1785 2876 1880 2959 φιλία
1902 2876 2091 2956 διαθεμένη,

506 2979 751 3045 κατευοδούσθω
773 2980 810 3042 έν
831 2978 936 3042 ἅπασι
958 2979 1184 3062 κοινωφελέσιν
1206 2980 1308 3062 ἔργοις
1330 2985 1384 3042 καλ
1405 2984 1598 3061 θεαρέστοις,
1623 2987 1676 3042 καὶ
1698 2985 1747 3042 σοὶ
1768 2981 1806 3042 τὰ
1830 2979 1979 3063 κράτιστα
2001 2984 2091 3060 παρὰ

505 3087 559 3150 τοῦ
582 3086 663 3148 θεοῦ
679 3085 743 3147 τόν
764 3081 898 3146 δικαίων
921 3082 980 3167 (τός
1000 3088 1054 3145 καὶ
1076 3081 1160 3168 αύτῷ
1183 3083 1296 3169 δικαίῳ
1319 3084 1551 3168 διαφερόντως)
1575 3089 1631 3150 νόν
1653 3108 1683 3147 τε
1706 3087 1821 3166 παρείη
1851 3089 1905 3146 καλ
1934 3083 1985 3146 όεὶ
2006 3107 2092 3165 παρ-

507 3187 583 3250 όντα
605 3187 647 3269 μή
671 3186 826 3254 διαλίποι.

596 3290 600 3376 λ
625 3292 719 3358 167.
742 3296 790 3373 ξη.
816 3289 987 3375 ιλῑὺθηνία
1008 3294 1068 3372 μὲν
1089 3292 1220 3354 ἅπαντα
1242 3295 1280 3354 τό
1304 3291 1376 3376 τήδε
1399 3296 1524 3355 κακῶν·
1548 3297 1607 3373 μία
1629 3292 1657 3355 δ’
1671 3293 1817 3356 έπὶπάσι
1830 3288 1949 3365 τούτοις
2016 3294 2092 3358 108¹

506 3391 660 3476 άναψυχή
683 3396 760 3473 μετὰ
781 3397 837 3478 τήν
860 3399 957 3458 θείαν
978 3397 1165 3480 χρηστότητα
1189 3402 1241 3457 καὶ
1263 3398 1318 3480 τήν
1339 3396 1384 3469 είς
1412 3395 1534 3479 έκείνην
1563 3394 1698 3471 έλπίδα,
1731 3396 1750 3477 ἢ
1781 3398 1888 3478 μνήμη
1917 3399 1980 3459 τῶν
2007 3396 2094 3477 λμῶν

506 3501 624 3582 κυρίων
646 3508 699 3560 καί
722 3498 834 3579 φίλων,
858 3499 989 3581 φίλτατέ
1009 3522 1064 3580 μοι
1086 3505 1141 3561 καὶ
1161 3503 1241 3578 τίμιε
1263 3505 1316 3560 καὶ
1339 3499 1408 3576 άγιε
1430 3491 1545 3580 κόριήῦ,
1568 3495 1615 3561 τόν
1635 3500 1672 3562 έν
1693 3511 1757 3572 τοῖς
1776 3498 1914 3579 μάλιστα
1940 3504 1993 3562 καὶ
2016 3499 2094 3563 ὅσον

505 3600 666 3682 λξαίρετον
687 3599 770 3679 ὑμᾶς
792 3600 849 3664 ἀπ’
871 3601 971 3686 α’ρχῆς
994 3608 1048 3663 καλ
1068 3604 1106 3665 τά
1130 3601 1262 3683 ὑμέτερα
1284 3605 1444 3682 τάττομεν.
1490 3602 1564 3664 2καὶ
1586 3601 1655 3668 οὐδ’
1675 3603 1719 3665 ἔτι
1741 3609 1794 3664 καί
1825 3605 1881 3667 νῦν
1909 3607 1965 3685 τήν
1993 3602 2095 3686 καλήν

506 3711 621 3789 ταύτην
643 3708 756 3785 ἔχομεν
770 3704 921 3788 ’άμεῖψαι
942 3706 1032 3782 τάξιν
1054 3703 1175 3787 ἑτέρως,
1203 3705 1274 3769 ἀλλ’
1297 3704 1339 3779 οὑς
1361 3706 1485 3790 ἐτάχθη
1507 3709 1540 3769 τό
1565 3712 1700 3787 πρῶτον,
1723 3706 1819 3780 οὕτως
1840 3708 1885 3779 ελς
1899 3707 1992 3788 δεῦρο
2007 3711 2095 3788 μένει

508 3814 560 3872 καλ
591 3819 803 3893 συντηρεῖται·
835 3810 963 3882 πάντως
995 3810 1031 3873 δέ
1061 3815 1115 3872 καλ
1143 3812 1428 3894 συντηρηθήσειαι,
1460 3813 1520 3884 έως
1551 3813 1701 3894 αἴσθησις
1729 3810 1846 3874 ἔνεσαν
1879 3809 1954 3893 ήμῖν
1975 3835 2019 3884 τις
2041 3818 2094 3873 καὶ

506 3913 622 3996 μνήμη,
646 3917 699 3974 καλ
722 3912 818 3978 οὐδέν
838 3912 1069 3994 ἐγχειρήσομεν,
1101 3910 1169 3979 οὐδ’
1191 3917 1233 3975 όν
1255 3919 1474 3997 πειραθῶμεν,
1504 3917 1617 3995 έξομεν
1639 3918 1713 3988 ἴσως
1736 3918 1786 3998 τῆς
1810 3912 1961 3995 ὑμετέρας
1984 3914 2096 3997 φιλίας

506 4040 535 4079 τι
557 4021 611 4078 καλ
633 4015 727 4099 δόξης
748 4019 934 4096 προθεῖναι,
957 4023 1012 4096 τήν
1034 4017 1085 4079 ἐπ’
1109 4019 1203 4104 α’ρετή
1225 4017 1306 4094 λέγω
1329 4018 1441 4094 δόξαν,
1473 4018 1542 4082 έπελ
1563 4029 1631 4091 ταῖς
1653 4019 1779 4093 εἴωθεν
1800 4019 1928 4091 ταύταις
1949 4017 1986 4084 οὗ
2008 4021 2096 4081 πάνυ

507 4145 535 4184 τι
556 4113 699 4200 σχολάζω
721 4120 896 4199 προσέχειν.
944 4117 1052 4201 ὅπλήν
1074 4125 1128 4181 καλ
1149 4120 1263 4204 ταύτην
1284 4121 1434 4205 κάκείνην
1456 4121 1588 4185 πάντων
1610 4122 1680 4203 ἅμα
1703 4126 1881 4203 προέχοιτε,
1915 4128 1969 4185 καὶ
1988 4124 2097 4206 μηδεὶς

506 4218 597 4306 ὑμῶν
618 4222 773 4305 όιγιότητι,
801 4222 843 4304 μή
871 4224 944 4299 βίου
974 4222 1184 4308 λαμπρότητι,
1220 4226 1331 4308 μηδενὶ
1360 4231 1424 4289 τῶν
1453 4227 1561 4291 ἄλλων
1590 4228 1700 4291 καλόν
1725 4266 1759 4277 -
1790 4231 1854 4289 τόν
1875 4228 2098 4310 δοκούντωνη·

506 4328 608 4391 όντων
630 4364 670 4373 -
693 4329 758 4400 ἕξοι
781 4349 809 4388 τι
831 4325 940 4401 πλέον,
965 4325 1037 4389 ἄλλ’
1061 4326 1151 4392 αὑτοὶ
1173 4334 1358 4409 πρωτεύοιτε
1381 4330 1511 4393 πάντων
1526 4332 1596 4394 ἐπὶ*
1612 4336 1693 4395 πάσι
1707 4334 1824 4404 τούτοις
1839 4329 1899 4406 αἐί,
1923 4334 2097 4407 παγγενεί*

506 4453 539 4494 τε
559 4432 719 4513 χαίροντες
742 4427 821 4506 ἅμα,
846 4433 900 4489 καλ
922 4433 1109 4492 πανοικεσία
1132 4431 1342 4514 σῳζόμενοι*·
1375 4433 1484 4499 τούτου
1504 4436 1566 4514 γάρ
1589 4433 1683 4498 οὐδὲν
1707 4434 1814 4515 μεῖζον
1841 4437 1904 4514 ἔχει
1926 4437 2099 4517 προσάγειν

506 4535 769 4616 ήκαρποφορεῖν
791 4529 808 4614 ή
832 4532 954 4615 γραφή.
1730 4581 1733 4589 .

594 4639 692 4705 168.
726 4640 781 4711 ξθ.
819 4636 1001 4716 1Ελκασμός
1030 4661 1075 4712 τις
1096 4637 1216 4722 ἄδηλος
1238 4640 1300 4719 ε’χει
1323 4663 1380 4721 με,
1415 4647 1469 4702 καλ
1492 4641 1569 4725 ζητῶ
1591 4646 1646 4726 τήν
1668 4643 1672 4729 λ
1695 4640 1859 4726 α’λήθειαν
1881 4641 1949 4706 α’νι-
2021 4645 2099 4710 108²

506 4742 635 4821 χνεῦσαι
660 4746 713 4802 καὶ
737 4740 917 4820 συλλαβεῖν,
940 4742 1161 4824 μακαριώτατέ
1181 4764 1237 4822 μοι
1259 4748 1313 4804 καὶ
1326 4743 1459 4826 φίλτατε
1482 4751 1535 4806 καλ
1552 4746 1621 4823 όγιε
1637 4748 1790 4810 δέσποτα·
1813 4750 1878 4830 μήν
1890 4747 1952 4828 γάρ
1964 4746 2101 4826 έβδομός

578 4864 684 4930 3Rom
705 4883 742 4931 13,
762 4868 776 4916 8
793 4869 827 4931 13
847 4866 891 4918 ἐπί
909 4866 930 4921 O
950 4865 1122 4919 scudomund
1135 4867 1169 4933 13
1189 4863 1310 4937 παμγεκΐγ
1327 4867 1415 4922 codex
1432 4868 1467 4936 13
1490 4868 1576 4923 Actor
1596 4874 1634 4934 τό,
1652 4888 1683 4936 34
