4560 6172
291 725 352 808 α’φ’
375 723 412 793 οῦ
433 728 469 790 δὲ
491 731 544 811 τῆς
565 732 620 810 ση”ς
642 727 839 812 ἦμερωτάτης
861 731 945 802 θέας

289 835 344 892 καλ
364 836 427 894 τῶν
448 832 605 913 μελιχρόν
625 829 772 914 ἦξιιόθην
793 848 851 894 σου
873 831 990 908 λόγων,

287 938 342 995 καὶ
362 939 417 1017 την
439 933 542 1016 καλην
563 934 689 1013 ἔβλεψα
710 939 773 996 τῶν
795 933 891 1016 ἤθιέν
910 936 1016 1015 χάριν,

224 1037 266 1102 10
287 1042 341 1098 καὶ
362 1042 432 1111 τοῦς
453 1042 566 1100 πόθου
588 1041 741 1117 γέμοντας
763 1039 865 1120 ἔγνων
887 1056 945 1100 σου
968 1037 1113 1117 τρόπους,

288 1137 344 1202 οῦκ
367 1139 451 1201 ἔστιν
470 1141 574 1203 εἰπεῖν
595 1139 702 1222 ἡλίκος
722 1163 777 1219 μοι
799 1145 852 1202 καὶ
875 1141 974 1214 πόσος

287 1240 468 1321 γλυκασμδς
489 1242 662 1318 ἐστάλαξεν
683 1245 729 1316 είς
750 1245 805 1327 την
827 1244 975 1322 καρδίαν.

290 1343 363 1429 Ικαί
383 1366 447 1407 που
468 1369 508 1424 με
532 1345 637 1420 δεινός
659 1347 740 1427 πρὸς
760 1346 795 1408 τὸ
818 1351 951 1425 πρᾶγμα
976 1349 1033 1409 νῦν
1054 1348 1134 1431 ἔρως

287 1447 383 1527 άφνω
405 1450 532 1527 κατέσχε
554 1453 609 1509 καὶ
630 1447 770 1526 βιάζεται·
792 1450 895 1526 λέγειν

224 1549 265 1614 15
288 1547 332 1621 ως
352 1551 487 1630 τερπνόν
509 1548 602 1613 οῦδὲν
624 1551 705 1613 ἄλλο
729 1551 814 1633 πλὴν
835 1552 1002 1629 βασιλέως,

290 1649 363 1713 ἄλλ’
386 1648 476 1725 οὗτός
497 1654 561 1715 έστι
583 1661 689 1735 χρῆμα
710 1654 880 1716 κάλλιπον
900 1661 1002 1735 μόνος

287 1753 418 1816 πάντων
439 1755 649 1835 οἷκουσμάτων
670 1779 703 1819 τε
724 1764 778 1818 καὶ
800 1759 987 1836 θεαμάτων.

287 1856 383 1928 οὕτως
402 1858 479 1939 ἄρα,
500 1860 641 1937 κράτιστε
662 1863 724 1921 τω”ν
746 1858 915 1937 βασιλέων,

286 1956 305 2042 ἦ
330 1960 365 2042 οη“
389 1965 548 2042 προσηνὴς
570 1968 623 2022 καὶ
646 1960 885 2043 φιλάνθρωπος
907 1966 974 2024 θέα

221 2062 265 2126 20
286 2061 431 2137 ἔθελξεν,
454 2060 635 2145 η’λλοίωσεν,
658 2065 802 2147 έξέστησέ
823 2088 874 2143 με,

286 2163 373 2226 ἄλλα
396 2177 531 2248 φρονεῖν
552 2167 675 2229 ἔπεισεν
698 2165 767 2228 άντλ
789 2171 852 2228 τῶν
873 2166 988 2242 πάλαι,

287 2265 370 2339 ὅλως
392 2268 429 2328 δὲ
451 2270 564 2330 καινόν
586 2269 621 2330 ἔκ
644 2268 786 2331 παλαιοῦ
808 2273 863 2330 καί
885 2273 960 2332 νέον

288 2370 396 2446 ἔδειξε,
420 2370 555 2433 διπλοῦν
576 2373 668 2450 ἔργον
689 2373 926 2456 έξειργασμένη·

286 2469 367 2551 ὁμοῦ
388 2477 447 2551 μὲν
469 2473 652 2557 έπληρωσεν
673 2473 790 2556 ἡδονῆς
812 2477 912 2558 ξένης,

222 2575 265 2640 25
287 2573 368 2653 ὁμοῦ
389 2575 425 2637 δὲ
447 2574 665 2659 λαμπρότητος
687 2577 870 2659 έμπέπληκέ
891 2598 944 2657 με·

286 2679 387 2760 άμφω
409 2681 471 2759 γὰρ
493 2679 569 2762 αὕτη
590 2685 646 2753 τοὶς
667 2680 824 2760 ἐνεργείας
846 2685 947 2762 φέρει,

286 2780 494 2862 λαμπηδόνος
514 2785 655 2861 γέμουσα
677 2788 731 2844 καί
754 2783 926 2865 θυμηδίας.

285 2888 339 2944 καί
361 2887 506 2957 Μωσέως
526 2888 587 2964 μὲν
607 2887 640 2946 τό
664 2884 840 2964 πρόσωπον
862 2883 919 2971 (ὥς
942 2885 1050 2971 λόγος)

285 2986 419 3060 έδόξασε
440 2991 516 3066 πρὶν
538 2985 556 3068 ηι
581 2990 661 3051 θεοῦ
682 2991 817 3069 θεωρία,

219 3089 263 3154 30
285 3089 328 3161 ὥς
350 3092 404 3148 καὶ
426 3086 578 3166 κάλυμμα
600 3095 655 3150 τὸν
679 3091 822 3172 θεόπτην
843 3088 1031 3170 λαμβάνειν,

283 3191 418 3254 έπειδδν
439 3188 536 3254 αῦιδν
557 3190 751 3269 προσλαλεῖν
772 3191 884 3265 ἄλλοις
906 3191 985 3255 ἔδει·

283 3293 321 3359 οῦ
342 3295 403 3376 γὰρ
427 3301 567 3376 φορητην
588 3293 651 3372 εἶχε
671 3301 726 3376 την
749 3292 844 3359 αῦτοῦ
866 3298 963 3372 θέαν,

281 3397 309 3461 εἰ
328 3397 372 3479 μη
395 3395 577 3478 καλυφθείς
598 3393 701 3477 η’λθεν
721 3397 767 3469 ελς
788 3394 929 3475 ὁμιλίαν·

281 3499 352 3581 έμοί
375 3498 411 3561 δὲ
433 3501 479 3572 σύ,
504 3501 645 3578 κράτιστε
667 3504 730 3562 τῶν
751 3499 920 3577 βασιλέων,
960 3532 968 3544 =

216 3603 259 3669 35
281 3603 327 3675 εἰς
347 3603 430 3684 ὄψιν
452 3602 562 3664 ἐλθών
584 3606 638 3663 καί
661 3606 798 3676 θεαθεὶς
818 3607 949 3685 μετρίως

281 3704 319 3771 οὗ
339 3708 373 3768 τό
397 3702 572 3786 πρόσωπον
593 3704 668 3770 οῦδὲ
690 3707 745 3787 την
768 3706 850 3788 ὄψιν
871 3709 985 3785 μόνον,

281 3807 378 3895 Ιόλον
400 3807 436 3869 δὲ
459 3807 554 3891 δόξης
576 3807 781 3890 έμπέπληκας
803 3808 924 3873 αὐτίκα.

279 3914 380 3973 καίτοι
400 3913 503 3990 μέγαν
525 3930 559 3972 σε
580 3916 643 3973 τῶν
665 3914 745 3972 καθ’
769 3911 854 3992 ἡμᾶς
876 3913 1032 3994 δεσπότην

278 4015 368 4103 ᾔδειν
389 4016 451 4095 πρὸ
474 4015 583 4078 τούτου
606 4020 660 4076 καί
683 4018 764 4078 θεοῦ
786 4017 880 4077 θετον
901 4015 1009 4090 τύπον,

213 4118 257 4182 40
278 4115 385 4188 καλῶς
408 4118 584 4197 στρέφοντα
606 4119 660 4180 τοῦ
682 4113 816 4197 κράτους
836 4119 893 4188 τάς
915 4115 1006 4199 ἡνίας

276 4223 331 4281 καί
353 4222 409 4283 σῦν
430 4223 501 4300 θεῷ
524 4211 662 4299 σφ’ζοντα
684 4218 739 4301 την
761 4218 961 4302 οἰκουμένην,

276 4322 358 4386 θεὸν
380 4321 426 4396 δέ,
447 4324 655 4398 πανσέβοστε,
678 4327 732 4383 καί
754 4320 898 4404 πλάστην
921 4326 995 4385 νέον

274 4427 296 4508 ἢ
317 4423 511 4506 δημιουργόν
533 4425 635 4486 ἄλλον
658 4423 714 4488 οῦκ
737 4422 928 4507 η’πιστάμην.

274 4534 331 4593 νῦν
353 4527 381 4589 δ’
404 4524 471 4609 όψέ
492 4531 553 4608 μὲν
576 4531 661 4602 νοῦν,
684 4525 755 4589 ἄλλ’
776 4527 864 4606 όμως
885 4527 1074 4611 ἐκτησάμην,

207 4634 251 4700 45
273 4635 327 4693 καί
348 4635 492 4711 πρᾶγμα,
515 4634 642 4709 θαῦμα,
666 4634 782 4708 θαῦμα
806 4630 987 4709 θαυμάτων
1008 4634 1103 4714 πέρα,

271 4735 316 4808 τίς
334 4733 428 4816 δεῦρο
451 4731 625 4795 λανθάνον
645 4756 694 4815 με,
716 4735 881 4814 μανθάνω
902 4733 1004 4815 μόλις.

271 4839 309 4902 σῦ
328 4842 391 4919 γὰρ
415 4838 496 4910 θεός
517 4859 562 4911 τις
582 4835 641 4922 (ως
663 4838 758 4922 ἔοικε)
780 4838 836 4921 την
857 4838 963 4921 φύσιν.
