4560 6172
524 490 585 552 152
2012 492 2093 559 188

518 659 553 749 ἐν
573 670 636 731 τοῖς
658 662 712 721 τού
729 659 901 744 δοηκσύντσς
919 659 1047 734 πατρός.
1068 652 1089 745 ᾔ
1104 663 1156 720 καί
1169 659 1324 741 χαρίζεται
1338 668 1393 744 την
1406 665 1494 742 παρά
1510 666 1552 746 τῷ
1566 661 1658 746 γάμῳ
1675 664 1945 740 θαυματουργίαν,
2013 661 2092 725 208²

518 762 600 842 λόγῳ
622 765 712 844 μόνῳ
729 767 760 825 τι)
784 764 867 844 ὕδωρ
890 763 934 835 είς
956 762 1044 823 οίνον
1064 763 1299 842 ἐκβιασάμενος,
1322 765 1356 828 ἔκ
1376 790 1407 828 τε
1422 770 1474 847 τῆς
1496 768 1586 845 ἄχρις
1599 767 1737 838 ἐντελοῦς
1759 765 1881 847 ἡλικίας
1904 769 1975 845 περ)
1995 765 2090 836 τούςΙΙΙ

518 870 655 946 πατέρας
675 865 829 946 ὑποταγῆς
851 873 904 929 καὶ
925 866 1053 947 ταύτην
1076 864 1176 949 ἄρχην
1196 872 1258 930 τᾶν
1279 873 1415 951 σημείων
1436 870 1565 942 ἐκείνοις
1586 872 1863 947 προσαναθεῖναι11
1887 871 2092 945 νομοθετεῖν0

520 969 592 1050 ἡμῖν
614 969 759 1049 ἄντικρυς
781 974 833 1052 τὴν
855 971 900 1042 τίς
921 973 991 1041 τοὺς
1011 967 1159 1042 τεκόντας
1188 972 1288 1054 τιμην.
1341 971 1462 1035 26ἄλλο)
1487 975 1621 1054 Χριστὸς
1651 977 1709 1046 μὲν
1737 972 1884 1036 ἐντεῦθεν
1914 975 1975 1034 τόν
2005 975 2089 1034 θαυ-

516 1076 625 1150 μάτων
654 1074 848 1154 άρξοὲμενσς,
882 1079 952 1155 περ)
981 1075 1036 1154 τὴν
1067 1077 1120 1138 τοῦ
1149 1077 1267 1154 κόσμου
1297 1081 1451 1159 σωτηρίαν
1479 1076 1723 1156 ἄπασχολεῖται,
1760 1080 1812 1135 καὶ
1841 1078 1895 1154 την
1924 1073 2090 1150 βασιλείαν

517 1181 657 1259 κηρύσσει
678 1183 740 1239 τῶν
762 1176 916 1257 οὐρανῶν,
951 1182 1003 1237 καὶ
1032 1188 1099 1248 ταῖς
1129 1179 1173 1250 είς
1204 1185 1292 1243 τοῦτο
1323 1181 1493 1262 φερούσαις
1514 1182 1706 1261 ένοργείαιςΡ
1730 1185 1782 1239 καὶ
1805 1169 1957 1258 πράξεσιν
1977 1175 2091 1238 ἑαυτὸν

516 1265 710 1354 ἐπιδίδωσιν,
740 1286 798 1354 ἕως
827 1283 861 1344 τύ
891 1282 983 1360 ἔργον
1012 1286 1066 1341 τού
1095 1280 1256 1362 ἄληθινού
1278 1287 1395 1362 πατρός
1416 1284 1586 1361 ἐτελείωσε,
1622 1288 1738 1366 καὶτῷ
1762 1286 1885 1364 σταυρῷ
1907 1280 2089 1355 δοξασθείς,

517 1388 594 1465 πρὸς
617 1384 713 1459 α’ξίαν
735 1384 901 1447 κᾶκεῖνονί
923 1385 1044 1468 ἑαυτῷΓ
1067 1387 1302 1461 ξυνεδόξασενῡ.
1326 1387 1376 1450 ὅτε
1399 1389 1496 1451 πάλιν
1518 1387 1650 1471 εὑρίσκει
1664 1392 1717 1470 την
1733 1391 1850 1470 μητέρα
1870 1385 2012 1465 πλησίον,
2036 1390 2090 1442 καὶ

517 1497 549 1576 τῇ
572 1488 740 1568 μακρόθεν
762 1489 839 1575 αἰτῇ
862 1492 1117 1577 προμηνυθείσηί
1139 1490 1285 1573 ῥομφαίᾳ
1309 1493 1419 1564 δεινῶς
1440 1497 1494 1573 την
1516 1491 1653 1574 καρδίαν
1666 1493 1930 1571 σπαρασσσμένην
1952 1487 2031 1550 ἰδών
2047 1524 2087 1533 -

517 1599 569 1653 καὶ
591 1597 618 1654 τί
638 1594 699 1674 γάρ
722 1591 739 1674 ἦ
761 1592 858 1674 μήτηρ
879 1594 932 1656 ἐπὶ
954 1597 1034 1672 ξένῳ
1057 1593 1161 1656 πάθει
1182 1600 1410 1674 μονογενούς“;
1433 1633 1473 1644 -
1504 1599 1742 1677 παραμυθεῖται
1771 1599 1823 1654 καὶ
1854 1603 2001 1673 προνοεῖ,
2037 1596 2090 1651 καὶ

517 1700 684 1776 παρθένον
708 1701 864 1780 παρθένῳ
886 1701 1015 1784 μαθητῇ
1038 1701 1263 1780 παρατίθησιν,
1296 1698 1375 1760 ἄνθ’
1397 1699 1509 1764 ἑαυτοῦ
1538 1701 1591 1762 τόν
1622 1701 1825 1776 στεργόμενον
1846 1684 2088 1778 εἷσποιησαςτῇ

515 1804 713 1887 στεργομένη,
743 1806 795 1862 καὶ
818 1805 925 1864 τοῦτον
944 1803 999 1862 τόν
1020 1803 1148 1882 τρόπον,
1178 1799 1220 1875 ὥς
1242 1800 1359 1883 ίλαραίς
1380 1827 1411 1864 τε
1433 1802 1549 1890 διάλξοι
1570 1805 1623 1864 τὸν
1653 1800 1766 1863 λοιπόν
1792 1803 1863 1878 βίον
1894 1805 1946 1860 καὶ
2010 1799 2088 1862 209¹

515 1909 568 1988 τη“ν
598 1910 739 1982 μόνωσιν
765 1907 878 1987 ταύτην
909 1903 1073 1979 ὑπενέγκοι
1102 1904 1194 1987 ῥᾷον,
1228 1906 1448 1990 ολκονομησας.
1495 1907 1570 1972 27ού
1599 1909 1662 1990 μην
1689 1906 1774 1968 ἄλλο)
1803 1910 1856 1964 καί
1891 1906 2006 1984 θρηνεῖ
2033 1903 2088 1962 τόν

515 2009 646 2091 ἐαυτης’
670 2007 711 2082 ὠς
734 2011 845 2088 νεκρὸν
869 2006 884 2090 η“
911 2009 1074 2080 θεόπαις“
1097 2013 1150 2069 καὶ
1171 2010 1299 2089 μερίζει,
1321 2016 1374 2072 καὶ
1395 2015 1449 2073 τόν
1471 2011 1644 2092 ἐπιτάφιον
1660 2012 1767 2088 νόμον,
1790 2004 1833 2081 τίς
1847 2008 1918 2086 εἶχε,
1941 2008 1999 2068 σὺν
2020 2015 2088 2076 ταῖς

516 2113 631 2186 ἄλλαις
652 2113 805 2195 ἐκπληροῖ
823 2114 976 2187 γυναιξίν.
1006 2111 1072 2173 εἶτα
1103 2114 1179 2193 παρ’
1209 2113 1320 2178 αότίκα
1349 2120 1403 2176 καὶ
1422 2115 1532 2195 βλέπει
1554 2119 1587 2178 τι)
1611 2116 1711 2178 καλὸν
1732 2115 1833 2176 ἐκεῖνο
1856 2117 1908 2172 καὶ
1930 2113 2011 2189 μέγα
2034 2115 2087 2168 καί

515 2218 611 2294 γλυκύ
634 2219 745 2296 θέαμα
767 2253 803 2264 -
827 2220 963 2294 Χριστόν
985 2219 1039 2276 τόν
1061 2216 1131 2298 ἄρτι
1153 2221 1292 2300 ταφέντα
1323 2219 1365 2304 (οἳ
1391 2223 1444 2302 τῆς
1467 2223 1576 2303 θεϊκῆς
1596 2222 1756 2295 ἐξουσίας·
1787 2220 1886 2296 ἄτης
1908 2214 2087 2296 δυνάμεως)

517 2323 614 2394 ζῶντα
636 2318 735 2383 πάλιν
757 2321 801 2392 είς
822 2322 977 2400 τρίτην-
998 2324 1052 2380 καὶ
1061 2320 1199 2399 γνωρίζει
1211 2324 1265 2383 τὸν
1277 2322 1436 2403 φίλτατον,
1459 2329 1513 2385 καὶ
1528 2334 1696 2403 περιχεῖται
1707 2326 1749 2407 τῷ
1772 2322 1975 2402 ποθουμένῳ,
2000 2318 2089 2379 αἰδοῖ

515 2448 545 2487 τε
568 2431 621 2486 καὶ
643 2424 735 2507 φόβῳ
755 2429 807 2485 καὶ
831 2425 928 2506 πόθῳ
950 2422 1149 2506 μεριζομένη,
1184 2430 1236 2486 καί
1267 2430 1302 2512 τη·
1331 2432 1417 2507 χαρᾷ
1447 2423 1688 2507 περιγάννυται,
1724 2429 1760 2487 τά
1783 2428 1930 2504 παρόντα
1953 2432 2004 2483 τεΧ
2024 2423 2086 2501 μετ’

515 2530 693 2612 έιιπληξεως
715 2525 821 2605 όρόσα
844 2527 980 2610 πολλῆς,
1016 2533 1069 2589 καὶ
1090 2529 1126 2589 τᾶ
1151 2528 1355 2609 προλαβόντα
1379 2530 1630 2610 συμβάλλουσαί
1650 2529 1687 2590 έν
1708 2532 1743 2616 τῇ
1768 2527 1884 2608 καρδίᾳ
1908 2523 2011 2607 αύτῆς,
2035 2531 2087 2586 καὶ

516 2633 706 2714 θαυμαστήν
726 2653 795 2694 τινα
816 2635 1000 2711 πάσχουσαΖ
1021 2633 1101 2714 πρὸς
1123 2633 1228 2695 πάντα
1249 2635 1305 2717 την
1326 2632 1454 2717 ἡδονήν.
1474 2635 1590 2715 μεταξύ
1604 2656 1632 2695 τι
1651 2636 1753 2713 βραχύ
1774 2637 1827 2693 κα)
1842 2634 1921 2711 πρὸς
1935 2628 2087 2709 οὐρανούς

514 2736 551 2799 έν
573 2736 723 2818 νεφέλαις
753 2734 938 2818 ἐπαρθέντα
971 2733 1051 2815 ὁρᾷ,
1085 2741 1138 2797 κα)
1175 2740 1229 2819 τῆς
1265 2736 1429 2821 ἄγγελικῆς
1464 2737 1610 2819 ὁμιλίαςῦ
1641 2741 1693 2798 κα)
1723 2734 1938 2818 παρηγορίας)
1968 2730 2087 2807 άκούει,

514 2840 786 2924 εᾶαγγελιζσμένης
808 2844 861 2900 καί
882 2840 980 2902 πάλιν
1002 2843 1055 2903 τοῦ
1076 2836 1226 2914 ἄπιόντος
1248 2843 1302 2923 τὴν
1324 2842 1454 2905 ἄλευσιν.
1500 2842 1527 2882 ²⁸
1537 2842 1608 2904 ἄλλ’
1632 2839 1727 2904 οόδέν
1748 2840 1813 2921 ἄρα
1838 2843 1934 2902 ταῦτα
1949 2843 2085 2920 μητρικηό

516 2950 614 3027 πόθῳ
637 2947 786 3025 κάμνοντι
809 2950 861 3005 καὶ
887 2943 1003 3015 παιδὸς
1029 2943 1182 3027 ἐκδημίαν
1204 2944 1280 3006 ὅσον
1302 2947 1382 3026 πρὸς
1411 2951 1444 3009 τὸ
1467 2946 1665 3029 φαινόμενον
1696 2942 1795 3026 (ἄλλο)
1818 2941 1934 3014 παιδὸς
1956 2944 2024 3013 πῶς
2045 2943 2087 3001 ἄν

516 3049 645 3135 είποιίμι
668 3051 858 3129 θεσπρεπιᾶς
880 3051 933 3108 καὶ
955 3044 1051 3121 α’ξίως
1073 3048 1190 3121 παιδός
1213 3046 1321 3131 ἡλίκου
1343 3055 1396 3111 καί
1416 3051 1533 3131 τίνοςς)
1556 3053 1664 3131 φίρειν
1686 3047 1742 3113 οὐκ
1758 3048 1866 3125 ἔχοντι.
1888 3045 1942 3108 διδ
2008 3043 2087 3109 209²

516 3157 623 3218 wfw
646 3153 725 3235 ζητεῖ
744 3153 798 3235 τὴν
820 3154 899 3231 πρὸς
922 3149 1017 3215 αύτδν
1037 3151 1182 3233 ἄφιξινᾶ,
1218 3156 1272 3214 κα)
1301 3155 1376 3234 παρ’
1398 3151 1495 3218 αότού
1522 3153 1682 3234 λαμβάνει
1711 3156 1763 3214 κα)
1785 3156 1873 3214 τούτο
1895 3149 2086 3234 (προθύμως

518 3257 690 3342 διδόντσςθ)
714 3255 938 3337 φιλοφρόνως,
970 3252 1013 3328 τίς
1042 3258 1169 3319 εἴωθεν.
1201 3253 1365 3332 α’πόδειξις
1393 3256 1548 3340 αὐτάρκης
1576 3261 1629 3321 τοῦ
1657 3254 1753 3333 λόγον
1783 3253 1800 3336 ἢ
1823 3255 1885 3331 μετ’
1906 3251 2012 3329 ὀλίγον
2032 3250 2086 3313 έν-

516 3365 627 3426 τεῦθεν
649 3367 700 3442 τῆς
722 3359 893 3421 ἄθανάτσυ
920 3360 1096 3438 μετάθεσις,
1132 3360 1168 3440 ἢν
1192 3361 1439 3441 πανηγυρίζομεν
1462 3361 1608 3442 σήμερον,
1640 3359 1751 3444 κλητην
1773 3357 1869 3434 άγίαν
1890 3355 2011 3438 ἡμέραν
2033 3358 2088 3438 τὴν

516 3465 637 3548 ἡμέραν
658 3465 786 3539 ἄγοντες
806 3456 926 3541 ταύτην,
948 3467 1002 3524 καὶ
1022 3466 1099 3543 μετά
1122 3463 1282 3546 τσσαότηςί
1303 3463 1400 3547 αὐτην
1421 3464 1650 3543 ὑποδεχόμενοι
1670 3468 1723 3548 τῆς
1744 3467 1840 3544 τιμῆς.
1886 3459 2006 3522 Ξλκαλοί
2028 3464 2087 3538 μέν

516 3570 577 3648 γάρ
599 3569 657 3650 η’δη
681 3572 734 3628 κα)
754 3563 864 3644 τᾶλλα,
888 3570 941 3627 κα)
963 3568 1070 3628 καλόν
1092 3565 1241 3628 κάλλιστα
1263 3570 1300 3630 τά
1323 3574 1374 3649 τῆς
1393 3572 1587 3650 θεομητσρος
1604 3572 1769 3648 θαύματα.
1790 3570 1859 3626 τίνα
1876 3565 1973 3628 ταύτά
1989 3586 2069 3646 φημι
2076 3592 2087 3641 3

517 3675 553 3734 τά
577 3673 638 3755 πρό
661 3676 738 3735 τσύῦ
758 3673 853 3733 τύκου
876 3669 1063 3752 παράδοξα,
1099 3674 1137 3731 τά
1159 3670 1195 3733 ἐν
1222 3673 1317 3756 τόκῳ,
1356 3673 1393 3733 τά
1414 3672 1516 3750 μετά)
1537 3674 1639 3750 τόκον,
1675 3674 1729 3755 την
1753 3670 1896 3747 ἄσπορον
1918 3667 2086 3750 σύλληψιν,

518 3777 571 3857 τὴν
593 3774 719 3837 ἄλυπον
740 3773 855 3856 κύησιν,
879 3776 932 3855 την
954 3774 1108 3855 ἄφθορον
1129 3777 1283 3856 γέννησιν,
1305 3772 1360 3857 την
1381 3774 1465 3858 ἄψιν
1485 3778 1606 3860 ἐκείνην
1625 3779 1679 3841 τοῦ
1700 3773 1834 3851 ἄγγε’λσυ
1856 3774 1910 3854 τήν
1932 3771 2086 3853 φοβεράν,

516 3883 570 3962 την
593 3900 703 3962 φωνην
724 3878 844 3960 ἐκείνην
867 3880 922 3957 τη“ν
945 3880 1040 3938 θείαν
1062 3883 1115 3938 καί
1146 3877 1298 3962 λαμπράν
1326 3879 1396 3941 καίἰ
1417 3882 1640 3961 χαρμόσυνον,
1676 3885 1713 3941 τά
1741 3877 1890 3941 Ἰωάννου
1918 3880 1971 3938 τοῦ
1999 3879 2087 3937 πάνυ

518 3983 728 4064 θαυμαστὸνΙῐ
753 3981 938 4064 σκίρτημα),
971 3986 1118 4059 τιμῶντος
1147 3983 1314 4064 ἐγγόστρτα
1343 3983 1398 4046 τόν
1418 3983 1461 4046 ἔτι
1484 3984 1562 4045 κατᾶ
1585 3987 1735 4064 γαστέρα,
1765 3984 1820 4065 τὴν
1836 3981 1996 4058 Ἐλισᾶβετ
2017 3980 2088 4041 ἐπί-

517 4105 633 4164 γνωσιν
665 4090 716 4168 τῆς
746 4088 799 4150 τοῦ
826 4089 1011 4168 τιμηθέντος
1042 4086 1136 4162 άξίας
1166 4091 1219 4148 καὶ
1247 4093 1302 4168 την
1330 4085 1425 4160 ἄξῖαν
1457 4092 1529 4168 περ)
1559 4085 1614 4170 την
1643 4089 1811 4153 κύουσανΙΙΙ
1842 4084 2012 4162 εᾶλόβειαν
2034 4089 2087 4144 κα)

519 4189 725 4273 ἄνάρρησινν,
753 4193 821 4263 τοὺς
842 4187 994 4265 ἄγγέλους
1015 4192 1091 4271 μετά
1105 4193 1218 4271 βραχύ,
1242 4191 1246 4276 Ι
1271 4195 1340 4263 τούς
1356 4195 1519 4270 ποιμένας,
1541 4195 1612 4264 τούς
1625 4195 1756 4270 μάγους,
1778 4193 1846 4262 τοὺς
1860 4191 1945 4271 ὕπαρ
2010 4190 2088 4254 210¹

518 4298 586 4369 τούς
609 4294 706 4372 ὄναρ,
729 4295 799 4366 τούς
820 4293 856 4355 έν
877 4292 1016 4355 ἐκστάσει
1037 4295 1282 4376 χρηματισμούς,
1313 4298 1367 4376 τὴν
1391 4298 1523 4375 Συμεών
1544 4302 1747 4380 προφητείαν,
1777 4297 1831 4376 την
1848 4294 1961 4376 Ἀννης
1982 4291 2090 4355 ἄνθο-

480 4461 481 4464 ’
591 4475 616 4508 m
634 4455 702 4524 τούς]
722 4454 766 4506 τοῦ
783 4454 807 4507 Ι)
823 4464 828 4519 Ι
844 4472 861 4505 π
880 4454 1083 4522 προσαναθῆναι
1103 4455 1125 4509 D
1141 4457 1145 4522 Ι
1162 4475 1177 4508 ο
1196 4457 1347 4525 νομοθετῶν
1357 4457 1413 4520 (ΙΙ),
1431 4457 1566 4529 νομοθετῶ
1579 4458 1599 4510 Β
1615 4457 1654 4524 lp
1672 4456 1816 4522 ἐνεργείαις
1829 4452 1858 4514 D,
1876 4455 2006 4521 ίνεργίαις
2024 4470 2090 4522 apo-

517 4529 655 4600 graphum
672 4527 676 4597 Ι
691 4546 708 4596 q
725 4530 848 4579 κακεῖνον
866 4526 910 4579 CD
927 4526 931 4591 Ι
947 4543 962 4577 r
979 4524 1072 4578 ἔαυτόν
1090 4527 1113 4580 D
1129 4529 1135 4598 Ι
1150 4547 1163 4581 ε
1181 4528 1354 4588 ουνεδόξασεν
1372 4528 1418 4584 CD
1439 4532 1444 4593 Ι
1464 4535 1476 4583 ί
1493 4528 1706 4598 προσμηνοθὴσει
1725 4527 1747 4580 D
1773 4526 1830 4578 Luc
1848 4544 1872 4592 2,
1891 4543 1917 4591 35
1941 4531 1946 4587 Ι
1967 4543 1985 4577 ιι
2003 4544 2089 4594 μονο-

519 4598 629 4668 γιννούι
647 4600 670 4653 Ι)
687 4601 722 4666 Ιυ
742 4596 755 4661 ἦ
775 4598 887 4656 θεόπαις
904 4596 959 4652 αδδ
979 4596 1058 4658 ΟΙεο
1077 4598 1124 4654 hic
1142 4598 1289 4654 omittite
1311 4607 1315 4657 Ι
1339 4619 1357 4653 τ
1375 4601 1399 4654 τί
1417 4601 1463 4656 CD
1484 4606 1490 4666 Ι
1510 4621 1529 4671 μ
1546 4598 1719 4668 συμβαλοῦσα
1737 4598 1761 4651 D
1783 4596 1788 4666 Ι
1809 4615 1821 4647 τ
1839 4595 1994 4665 πάσχουσαν
2012 4597 2035 4650 D
2050 4597 2055 4663 Ι
2072 4615 2089 4648 ο

520 4670 534 4722 ὅ
573 4673 630 4730 ίίσς
649 4671 671 4724 D
687 4675 692 4738 Ι
708 4671 723 4722 ὁ
741 4672 919 4738 παροιγορίατ
939 4668 961 4720 D
977 4666 981 4738 Ι
998 4687 1011 4721 υ
1029 4670 1146 4724 όιατούτο
1166 4671 1211 4727 cl)
1227 4675 1231 4737 Ι
1249 4671 1267 4724 ό
1286 4672 1385 4738 ἄρηξιν
1404 4673 1428 4726 D
1449 4674 1454 4741 Ι
1476 4691 1489 4725 ε
1508 4674 1634 4731 ότδιίντως
1653 4671 1675 4724 D
1691 4675 1695 4736 Ι
1709 4671 1735 4736 s
1748 4667 1869 4735 τοσαύτης
1888 4667 1911 4721 D
1927 4675 1931 4726 ί
1946 4688 1964 4736 9
1981 4667 2025 4719 τοι)
2043 4684 2088 4721 om

560 4743 589 4796 in
607 4760 702 4798 versus
720 4742 774 4796 fine
789 4742 795 4804 Ι
810 4742 828 4792 λι
845 4739 874 4791 τᾶ
888 4735 964 4812 μετὰ]
984 4738 1047 4807 μετά
1068 4741 1090 4795 Ι)
1112 4746 1117 4808 1
1138 4744 1245 4796 ι’θείαν
1262 4743 1308 4796 καί
1326 4743 1452 4814 λαμπράν
1469 4744 1527 4814 καί]
1546 4742 1675 4814 λαμπράν
1692 4746 1736 4793 καί
1755 4742 1833 4791 θείαν
1852 4739 1875 4792 Ι)
1891 4747 1896 4802 Ι
1911 4740 1929 4791 lc
1947 4739 2089 4806 θαυμαστὰ

519 4812 677 4885 σκιρτήματα
695 4815 719 4868 D
735 4815 740 4880 Ι
757 4815 767 4866 ί
784 4814 841 4867 Luc
860 4831 881 4877 1,
899 4831 927 4878 41
944 4811 950 4882 Ι
967 4830 992 4864 m
1009 4813 1126 4867 κυοῦσαν
1143 4832 1231 4886 apogr
1247 4821 1251 4879 Ι
1267 4833 1286 4868 τι
1304 4813 1453 4883 ἄνιίρρηοιν
1470 4816 1499 4879 0,
1518 4813 1667 4883 ἄνάρροοιν
1676 4814 1709 4882 Ι),
1727 4810 1879 4883 άνάρροτον
1896 4811 2091 4881 apographum
