4560 6172
347 514 409 578 120
983 546 987 551 ·
1854 513 1936 581 179

343 682 542 765 εῧεργεσίαις,
563 683 619 745 τδν
641 681 826 764 ἀσύγκριτον
847 681 883 743 έν
906 680 984 768 δόξη
1015 682 1068 742 καί
1090 678 1336 760 άπαράμιλλον·
1371 676 1461 752 οὗτος
1491 680 1526 742 έκ
1558 682 1705 762 περάτων
1733 681 1779 755 είς
1808 685 1935 765 πέρατα

345 788 522 870 κηρύττεται
545 789 621 849 νῦν·
654 786 752 866 τούτῳ
784 786 880 857 κτίσις
909 782 1024 846 άπασα
1055 784 1191 863 σήμερον
1220 789 1399 864 περιχαριῦς
1427 783 1582 864 ἑορτάζει,
1616 784 1693 847 ὅσον
1723 807 1753 847 τε
1782 788 1838 866 τήν
1872 790 1934 866 γῆν

343 891 443 951 οίκείν
464 891 557 968 ἔλαχε
579 893 633 949 καί
655 887 732 950 όσον
755 877 955 966 ούράνιονθθ,
988 885 1034 949 δτι
1057 890 1111 947 καί
1134 886 1261 962 άγγελοι
1284 886 1412 958 πάντως
1432 886 1497 970 ὅσῳ
1520 886 1689 969 φιλόθεοι,
1720 885 1856 971 τοσούτῳ
1879 892 1934 948 καί

341 992 594 1073 φιλομάρτυρες,
628 988 800 1070 ἐπειδήπερ
824 993 878 1049 καί
897 987 1055 1068 μάρτυρες
1076 985 1156 1069 ὑπὲρ
1179 991 1260 1052 θεοῦ
1282 993 1336 1049 καὶ
1360 989 1449 1051 θεοῦ.
1506 986 1519 1024 ²
1531 986 1643 1067 άπέχει
1664 993 1771 1053 τοίνυν
1792 991 1830 1052 τά
1852 992 1933 1072 γέρα

342 1100 395 1155 καὶ
417 1096 506 1175 παρά
530 1092 674 1171 άγγέλων
697 1093 774 1166 ἄξια
798 1096 851 1151 καί
873 1094 963 1172 παρά
987 1088 1178 1171 α’νθροίπων
1205 1089 1223 1153 ό
1253 1096 1307 1153 καὶ
1341 1089 1535 1172 ἀμφοτέροις
1565 1095 1704 1173 θέατρον
1725 1094 1760 1156 έν
1782 1097 1931 1175 καρτερίᾳ

340 1200 517 1276 γενόμενος,
541 1200 595 1257 καί
617 1194 711 1259 οὐδὲν
736 1194 779 1267 αἱς
800 1194 922 1256 έπίπαν
945 1194 991 1255 ότι
1012 1197 1053 1274 μή
1078 1189 1178 1270 ούτος,
1202 1195 1261 1255 εἴτε
1283 1199 1337 1255 καὶ
1359 1190 1466 1268 οὗτος,
1501 1192 1556 1254 διό
1578 1199 1668 1277 τιμῆς
1691 1201 1745 1258 καί
1766 1198 1932 1276 θαύματος

341 1301 450 1376 ἄγεται
473 1302 636 1377 πανταχοῦ
658 1302 717 1378 μέν
740 1301 792 1358 καὶ
815 1301 961 1373 πάντοτε,
985 1300 1055 1359 νυνὶ
1078 1295 1114 1357 δέ
1135 1296 1263 1374 μᾶλλον
1283 1294 1454 1361 κάνταῦθα
1476 1295 1512 1357 έν
1534 1300 1570 1384 κη’
1591 1296 1730 1362 ἑαυτοῦ*
1750 1304 1804 1360 καὶ
1827 1298 1930 1381 ήμέρᾳ

343 1408 396 1464 καὶ
419 1406 584 1483 παροικίᾳ,
607 1404 647 1475 δίς
669 1400 762 1474 αῦτδς
783 1399 887 1484 ἑαυτῷ
908 1398 1084 1479 καθάπερ
1109 1401 1179 1462 τινά
1195 1399 1329 1479 λαμπρά
1351 1398 1513 1482 νικητήρια
1537 1406 1741 1480 θαυμαστατς
1761 1400 1932 1483 άριστείαις

341 1511 395 1567 καί
416 1505 616 1585 παραδόξοις
637 1505 867 1584 τερατουργίαις
889 1500 1059 1584 ὑπερφυοῦς
1081 1501 1322 1585 προσεκτήσατο.
1352 1503 1421 1564 ἐπεὶ
1443 1502 1473 1564 δ’
1490 1501 1546 1568 οῦν
1561 1501 1596 1568 εὖ
1612 1510 1765 1568 ποιοῦντα
1788 1505 1930 1588 συνῆλθε
2013 1496 2016 1501 ’

343 1613 399 1671 νῦν
419 1608 464 1681 είς
485 1612 521 1671 ἓν
543 1613 596 1669 καί
619 1607 816 1687 συνέδραμεν
837 1606 856 1668 δ
878 1628 909 1666 τε
934 1605 938 1690 j
961 1604 1059 1677 τόπος
1081 1613 1135 1665 και
1156 1603 1173 1666 δ
1198 1603 1318 1684 καιρός,
1343 1610 1414 1685 περὶ
1435 1604 1529 1669 τοῦτό
1551 1627 1614 1669 που
1630 1610 1691 1687 μὲν
1705 1610 1785 1689 πρό·
1855 1609 1930 1674 153¹

340 1732 430 1793 τερον
451 1710 590 1790 διέξιμεν
611 1710 647 1772 έν
668 1708 782 1793 όλίγῳ,
805 1709 871 1769 εἶτα
895 1707 930 1770 δέ
952 1713 1006 1769 καί
1029 1712 1101 1786 περί
1122 1711 1175 1772 τοῦ
1196 1709 1314 1787 χρόνου
1336 1710 1459 1788 βραχέα
1482 1707 1754 1791 φιλοσοφήσομεν,
1789 1709 1877 1781 ὅπως
1899 1733 1930 1772 τε

341 1819 395 1876 καὶ
417 1814 525 1877 πόθεν
547 1810 652 1884 αύτοτς
675 1814 763 1893 παρά
789 1809 897 1883 πάσας
919 1810 1025 1890 χώρας
1058 1814 1111 1871 καί
1134 1811 1220 1891 ω’ρας
1241 1809 1260 1892 ή
1284 1815 1355 1891 περί
1378 1814 1432 1873 τόν
1455 1816 1642 1896 στεφανίτην
1663 1816 1772 1875 τοῦτον
1794 1811 1929 1894 συγκλή-

342 1935 452 1996 ρωσις,
483 1920 536 1977 καί
565 1921 609 1987 τίς
639 1914 688 1976 διό
718 1912 911 1996 άμφοτέροις
944 1910 962 1974 ό
993 1912 1088 1989 λόγος
1117 1916 1171 1993 τής
1202 1913 1298 1986 οὕτως
1330 1913 1493 1993 έξαιρέτου
1516 1920 1596 1995 πρὸς
1618 1912 1714 1978 αὐτὸν
1735 1913 1930 1988 οίκειοίσεως.

343 2018 439 2081 ἀλλ’
464 2020 490 2080 ιδ
512 2021 539 2080 τί
561 2040 635 2081 ποτε
657 2021 712 2097 μοὶ
733 2019 822 2079 τοῦτο
845 2019 997 2078 συνέπεσε
1004 2043 1015 2093 ,·
1038 2017 1101 2079 ποῦ
1125 2014 1164 2096 δή
1189 2018 1330 2096 φέρομαι
1340 2043 1352 2093 ,·
1375 2023 1428 2077 και
1450 2019 1478 2079 τί
1500 2019 1647 2097 πράττειν
1670 2017 1818 2099 ὥρμημαι
1825 2045 1836 2093 ,·
1870 2040 1930 2081 πε-

342 2123 440 2203 ριττός
461 2119 523 2195 ἔχω’
544 2142 589 2191 τις
611 2121 678 2199 άρα
700 2123 754 2180 καὶ
775 2118 926 2198 μάταιος,
959 2117 989 2178 εί
1017 2121 1106 2193 ξένος
1136 2120 1183 2179 δν
1213 2115 1288 2198 ύμῖν
1317 2129 1380 2190 τοῖς
1411 2117 1604 2198 αὐτόχθοσι,
1638 2123 1692 2181 καί
1723 2119 1779 2182 ούκ
1812 2120 1929 2202 ἔπηλυς

341 2222 453 2304 μόνον,
488 2221 559 2285 ἀλλ’
588 2224 630 2284 ἔτι
661 2227 714 2284 καί
744 2220 854 2305 νέηλυς
883 2225 954 2303 περὶ
975 2224 1037 2282 ταῖν
1058 2218 1217 2301 ύμετέρων
1239 2220 1322 2300 ύμάς
1344 2221 1492 2302 έπιχειριῦ
1514 2245 1542 2285 τι
1565 2220 1744 2296 διδάσκειν,
1777 2228 1812 2285 σί
1831 2224 1928 2287 ταῦτα

341 2327 470 2407 μέλλετέ
492 2346 555 2389 που
578 2328 773 2408 σαφέστερον
793 2323 916 2388 εἰδέναι
938 2326 958 2406 ή
978 2323 1125 2399 ἑαυτούς,
1157 2322 1195 2387 ού
1215 2323 1332 2400 μόνον,
1366 2322 1412 2386 δτι
1434 2325 1581 2404 έγχαίριοι
1604 2330 1657 2387 καί
1680 2325 1735 2388 διά
1757 2329 1845 2389 τοῦτο
1867 2330 1930 2389 τόν

342 2432 424 2493 οίκοι
447 2434 575 2501 πάντως
596 2427 772 2510 εἰδήμονες,
794 2428 849 2489 α’τε
871 2430 925 2488 καί
948 2426 1168 2507 φιλοπόλιδες,
1192 2425 1265 2488 ἄλλ’
1287 2425 1334 2490 ότι
1356 2431 1410 2488 καί
1431 2426 1522 2489 τόνδε
1543 2430 1598 2490 τόν
1619 2428 1655 2503 ἔξ
1667 2427 1766 2509 άρχής
1780 2427 1929 2509 ὑμέτερον

342 2532 523 2610 πολιοῦχον,
556 2532 589 2593 τδ
618 2533 701 2608 μέγα
724 2536 813 2610 παρα
844 2532 925 2591 πάσι
946 2533 1080 2610 πρᾶγμα
1114 2533 1168 2589 καί
1200 2530 1304 2609 ὄνομα
1311 2576 1324 2605 ,
1358 2527 1447 2594 αύτοὶ
1475 2530 1704 2612 πλουτήσαντες
1732 2530 1865 2594 ἄνωθεν
1886 2527 1930 2604 οῦς

342 2636 461 2698 οίκεῐον
482 2635 581 2705 όνκως
602 2631 765 2715 κειμήλιον
786 2631 842 2714 τήν
861 2630 1015 2713 ὑμετέραν
1036 2635 1214 2712 κοσμοῦντα
1236 2632 1456 2715 διαφερόντως
1487 2636 1541 2693 καὶ
1570 2631 1694 2705 πολλάς
1715 2632 1854 2708 ἔγγύθεν
1874 2636 1930 2707 τὰς

341 2739 472 2818 χάριτας
494 2739 569 2818 παρ’
593 2734 689 2799 αῦτοῦ
710 2735 789 2798 καθ’
811 2733 944 2818 ἑκάστην
966 2733 1056 2800 αύτοί
1076 2757 1107 2797 τε
1123 2734 1314 2816 δρεπόμενοι
1338 2736 1342 2821 Ι
1366 2741 1420 2797 καὶ
1439 2736 1653 2816 δρεπομένους
1668 2736 1786 2809 ἄλλους
1853 2735 1930 2802 153²

343 2841 492 2922 δρῶντες,
526 2839 735 2923 α’κριβέστατα
757 2838 915 2900 πάντων*
938 2838 1014 2918 παρ’
1037 2836 1132 2920 αὐτῆς
1153 2841 1207 2921 ιής
1228 2842 1340 2919 πείρας
1359 2840 1487 2913 είκότως
1506 2842 1568 2902 ἴσκε
1590 2843 1768 2919 μαθόντες,
1802 2839 1845 2912 τός
1865 2851 1931 2912 τοϊς

343 2943 456 3016 ἄλλοις
475 2946 535 3022 μὲν
556 2945 635 3004 πᾶσι
659 2941 873 3015 διδασκάλους
906 2946 960 3003 και
981 2944 1119 3026 κήρυκας
1140 2940 1225 3023 ῦμάς
1244 2944 1363 3008 τούτων
1384 2946 1486 3020 είναι,
1521 2943 1632 3017 αύτούς
1659 2944 1695 3006 δέ
1720 2950 1763 3026 μή
1798 2944 1929 3007 δεῖσθαι

342 3046 478 3128 μηδενός
499 3050 552 3108 τού
575 3043 771 3117 διδάξοντας.
814 3042 892 3108 *οὐκ
914 3046 960 3118 είς
982 3044 1057 3109 δέον
1079 3043 1138 3110 οὖν
1159 3043 1177 3108 ό
1200 3046 1294 3123 λόγος
1326 3047 1384 3133 (ὡς
1406 3048 1501 3131 ἔοικε)
1534 3051 1590 3121 τάς
1620 3046 1721 3121 άκοάς
1743 3045 1818 3128 ῦμτν
1840 3045 1928 3110 άπο-

343 3152 474 3222 κναίσει,
498 3149 643 3228 περὶτῶν
662 3147 747 3224 άγαν
767 3148 935 3226 γνωρίμων
956 3151 1012 3209 καὶ
1035 3147 1206 3232 προδήλων
1228 3148 1373 3224 διεξιόν·
1396 3147 1551 3234 *όχληρδν
1572 3152 1634 3230 γάρ
1657 3149 1753 3224 οὕτως
1771 3150 1865 3216 οῦδδν
1886 3149 1930 3225 τός

344 3251 362 3335 ή
390 3256 449 3314 τῶν
489 3250 549 3333 ήδη
578 3248 683 3321 καλῶς
718 3254 989 3331 προεγνωσμένων
1021 3249 1194 3332 άκρόασις·
1227 3250 1266 3316 ού
1293 3253 1358 3335 μήν
1387 3251 1460 3314 ἀλλ’
1491 3252 1534 3326 τίς
1563 3255 1643 3332 πρός
1670 3253 1795 3327 είδότας
1824 3252 1929 3336 δήπου

342 3360 385 3440 τῷ
409 3354 493 3438 λόγῳ
514 3359 568 3415 καί
589 3350 683 3426 αῦτδς
704 3354 878 3435 χρήσομαι,
915 3353 954 3418 οδ
977 3354 1200 3431 διδασκαλίαν,
1231 3354 1316 3417 άλλά
1340 3354 1531 3438 άνάμνησιν,
1566 3354 1640 3419 οὐδὲ
1662 3354 1813 3438 διήγησιν,
1844 3353 1929 3418 άλλά

343 3459 562 3543 κεφαλαίωσιν
582 3460 638 3539 τήν
659 3454 804 3531 διάλεξιν
825 3460 973 3538 θέμενος,
995 3459 1035 3519 ἶν’
1057 3456 1138 3539 όμού
1161 3464 1214 3520 καὶ
1237 3461 1280 3542 τῷ
1302 3462 1384 3543 θείω
1405 3461 1540 3541 μάρτυρι
1562 3461 1595 3522 τδ
1617 3463 1765 3541 καθήκων
1787 3464 1841 3521 καί
1855 3460 1930 3540 ὑμίν

343 3574 407 3635 τοϊς
428 3561 605 3645 φιλεόρτοις
626 3564 680 3621 καὶ
702 3558 913 3642 φιλομάρτυσι
935 3563 969 3624 τό
991 3561 1075 3635 εἰκός
1096 3561 1301 3645 έκπληρεόσα.
1334 3565 1365 3627 εί
1396 3565 1433 3627 δέ
1462 3588 1491 3628 τι
1524 3569 1579 3626 καί
1610 3562 1719 3637 πλέον,
1754 3559 1812 3641 οὐχ
1841 3560 1930 3642 ῦμῶν

342 3670 446 3746 χάριν,
469 3663 555 3727 άλλά
577 3666 631 3746 τής
654 3662 770 3727 τούτων
792 3666 897 3727 ἔνεκεν
918 3663 1077 3746 ω’φελείας
1098 3669 1161 3728 τῶν
1181 3664 1353 3747 μακρόθεν
1375 3667 1519 3731 ἐνταῦθα
1544 3671 1597 3730 καὶ
1620 3665 1832 3744 πολλαχόθεν
1854 3681 1930 3728 συν-

344 3768 534 3850 δραμόντων
556 3766 601 3840 είς
622 3769 678 3848 τήν
700 3765 887 3849 πανήγυριν,
919 3768 956 3831 ἐν
978 3766 1024 3841 τίς
1046 3768 1174 3848 πλῆθος
1195 3766 1264 3834 οῦσι
1287 3774 1437 3833 τοσοῦτον
1457 3770 1542 3845 είκός
1563 3792 1650 3843 τινας
1671 3767 1795 3855 χρῄζειν
1817 3767 1929 3847 διδαχ-

344 3873 446 3953 θῆναί
468 3893 494 3931 τι
518 3870 617 3931 πλέον
638 3864 685 3931 ὥν
706 3870 838 3932 οἴκοθεν
859 3869 1063 3945 γινώσκοντες
1084 3869 1198 3953 ήλθον.
1234 3871 1336 3955 άρχήν
1367 3874 1395 3937 δ’
1422 3878 1483 3951 ἔξει
1505 3875 1626 3962 ταύΙτην
1648 3872 1665 3936 ό
1690 3873 1786 3948 λόγος
1853 3874 1930 3940 154¹

342 3975 382 4056 ήν
403 3978 457 4034 καί
479 3975 516 4034 τά
540 3970 723 4054 πράγματα,
758 3970 880 4055 δηλαδή
909 3973 965 4054 τήν
992 3972 1142 4039 ἐντεῦθεν
1172 3975 1219 4037 ότι
1241 3973 1427 4043 κάντεῦθεν.
1473 3973 1585 4051 ιὀὗτος
1607 3974 1673 4052 οῦν,
1708 3973 1735 4038 ιδ
1764 3977 1933 4058 παρόντες,

343 4075 361 4140 ό
384 4075 552 4158 ύπερφαής
574 4079 628 4136 και
648 4072 879 4156 ῦπέρλαμπρος
899 4074 936 4138 ἔν
958 4073 1111 4157 άστράοιν
1132 4077 1231 4160 ήλιος,
1255 4078 1272 4142 ό
1295 4085 1350 4146 τοῦ
1371 4085 1469 4163 χοροῦ
1490 4082 1589 4164 δῆλον
1611 4081 1658 4144 ότι
1680 4086 1743 4143 τόν
1759 4081 1929 4162 μαρτύρων

341 4179 623 4262 ῦπεραστράπτων,
657 4177 770 4258 α’νέσχε
798 4182 858 4258 μὲν
889 4176 988 4242 ἔνθεν
1013 4178 1080 4243 άπὸ
1102 4182 1196 4264 τήσδε
1217 4187 1269 4268 τής
1290 4182 1456 4265 ὑμετέρας,
1492 4181 1549 4250 οῦκ
1572 4183 1647 4246 οίδα
1670 4183 1801 4267 πηλίκης
1823 4208 1854 4247 τε
1877 4188 1930 4245 καὶ

342 4288 445 4367 πόσης
466 4278 695 4364 εύαρεστήσεως
715 4279 896 4364 τηλικοῦτον
916 4285 1040 4363 μισθόν
1062 4283 1291 4370 άντιλαβούσης
1322 4288 1457 4361 θεόθεν,
1491 4286 1534 4358 ὡς
1566 4285 1654 4352 αύτοί
1686 4312 1716 4350 τε
1748 4297 1930 4367 μαρτυρεῖτε

342 4387 614 4469 παναληθέστατα
637 4387 692 4445 καί
712 4385 746 4446 τδ
770 4384 871 4448 καλόν
892 4388 946 4468 τής
966 4391 1116 4463 γενέσεως
1137 4390 1238 4454 έκείνο
1262 4394 1389 4472 χωρίον,
1420 4391 1568 4456 ἐνταῦθα
1599 4395 1655 4452 καὶ
1685 4391 1728 4452 ἔτι
1758 4391 1833 4468 παρ’
1854 4386 1930 4469 ύμίν

344 4490 567 4572 θεωρούμενον
598 4484 674 4568 pm?
708 4487 760 4568 τῆς
791 4487 984 4569 φερωνόμου
1005 4497 1219 4577 προσηγορίας
1241 4498 1295 4558 καί
1317 4495 1494 4578 συνηγόρου
1516 4499 1559 4578 τῷ
1583 4494 1753 4573 πράγματι.
1790 4491 1871 4558 οῦτω
1894 4490 1930 4554 δέ

342 4594 484 4677 φαιδρδν
506 4591 606 4665 εύθύς
627 4588 766 4671 ἔλαμψε,
789 4594 844 4652 καί
865 4591 963 4666 οὕτως
984 4593 1098 4659 αὐτίκα
1119 4597 1196 4678 μετά
1219 4600 1275 4682 τήν
1295 4593 1424 4680 ήλικίαν
1444 4617 1475 4658 τε
1494 4599 1549 4657 καί
1563 4599 1618 4658 τόν
1630 4595 1751 4679 ἔφηβον
1769 4597 1807 4658 τά
1823 4596 1931 4657 πάντα

413 4761 427 4795 2
446 4741 539 4795 ἑαυτοῦ
557 4743 712 4797 correctum
732 4757 767 4796 ex
786 4739 866 4795 αῦτοῦ
885 4742 905 4798 0
926 4745 1097 4800 Studomund
1111 4750 1145 4816 13
1166 4747 1273 4801 πάντων
1292 4745 1335 4811 0¹,
1353 4745 1439 4800 πάντα
1458 4743 1491 4800 0¹
1512 4745 1680 4799 θέμδειααιιό
1696 4750 1731 4811 Ιι,
1749 4744 1792 4800 0¹¹²
1809 4747 1905 4816 γνώμη
1924 4747 1931 4816 Ι

342 4829 354 4878 5
376 4810 418 4866 0¹¹¹
437 4811 452 4876 ἢ
470 4813 591 4882 γέννησις
609 4811 778 4866 δίκδικιαιιδ
