4560 6172
344 554 406 617 132
1828 549 1914 618 10⁰

341 727 457 804 βοᾶτε,
487 728 540 785 καλ
561 724 614 786 έπλ
635 725 737 807 όργοις
758 726 871 805 χειρών
894 728 1048 788 νευνικών
1068 722 1285 804 έθαυμάζτιο,
1318 723 1354 795 ῦς
1375 722 1544 806 κατώρθου
1566 721 1742 802 πολέμους,
1773 724 1827 781 καὶ
1848 718 1916 782 κατ’

342 828 470 907 έχθρών
492 825 635 910 ἀνήγειρε
657 827 813 909 τρόπαια,
848 822 888 890 ού
915 828 953 892 τά
982 827 1127 911 πάρεργα
1156 831 1213 890 καί
1232 829 1393 908 γυμνάσια
1416 825 1639 906 πανωλέθρων
1660 824 1758 907 φόνοι
1782 824 1916 906 θηρίων,

341 931 452 1004 ἀλλοις
473 936 526 992 καί
548 930 752 1014 προσβλέψαι
774 928 897 1006 δετνών,
920 935 974 994 καλ
994 933 1099 996 τόπων
1121 930 1362 1012 ἀνακαθάρσεις
1384 932 1437 991 καὶ
1459 931 1652 1007 συνοικισμολ
1670 925 1814 990 πόλεων·
1838 925 1856 987 ό
1880 924 1917 989 δέ

341 1034 461 1117 μάρτυς
481 1035 613 1097 οἴκοθεν
634 1032 669 1120 (ὅ
689 1035 819 1119 φασιν),
852 1031 870 1116 ή
899 1039 953 1099 τοῦ
980 1034 1139 1117 μάρτυρας
1160 1034 1237 1118 αῦτη
1259 1034 1352 1107 πόλις
1374 1037 1428 1095 καὶ
1448 1036 1617 1114 παραιτία,
1651 1033 1690 1114 ἢν
1711 1031 1746 1107 έξ
1768 1029 1916 1114 έρημίας*

344 1138 495 1228 Ιάβάτου
517 1135 783 1218 πολυάνθρωπον
804 1134 899 1199 πόλιν
920 1160 951 1199 τε
973 1144 1026 1200 καί
1048 1138 1156 1220 χώραν
1177 1137 1334 1213 ἀπέδειξε,
1367 1139 1401 1200 τό
1423 1141 1475 1219 τής
1496 1135 1679 1219 ἐρημώσεως
1700 1133 1770 1213 βδέ-
1839 1131 1915 1198 174ι

344 1244 476 1321 λυγμα*,
497 1243 531 1306 ιδ
552 1245 633 1322 μέγα
655 1243 746 1321 τέρας
767 1239 867 1304 έκετνυ
890 1247 944 1304 καί
957 1238 1129 1306 ἀκούουσιν
1143 1245 1277 1306 ἄπιστον
1299 1247 1352 1304 καί
1367 1242 1469 1306 λδοῦσι
1485 1243 1627 1324 φοβερόν
1648 1244 1702 1301 καί
1716 1241 1918 1318 συντυχούσιν

344 1345 498 1428 όλέθριον
519 1345 555 1408 έν
576 1348 654 1424 χειρὶ
675 1342 865 1422 καταβαλών
886 1350 1039 1425 κραταιή,
1070 1352 1123 1408 καλ
1145 1349 1237 1422 ξένον
1259 1346 1345 1434 πόση
1368 1350 1460 1426 σαρκὶ
1488 1350 1542 1406 καὶ
1564 1350 1658 1407 παντὶ
1680 1347 1733 1405 καλ
1753 1340 1841 1427 τόπφ
1863 1346 1918 1402 καλ

344 1449 447 1536 χρόνῳ
471 1452 586 1529 θαῦμα
608 1445 774 1528 παραδούς
796 1451 849 1507 καὶ
870 1446 1025 1531 διήγημα·
1057 1444 1094 1512 ού
1123 1455 1176 1511 καλ
1200 1454 1298 1512 ταῦτα
1326 1448 1543 1527 δεδοξασμένα
1575 1451 1629 1509 καλ
1657 1448 1693 1508 τά
1725 1447 1838 1529 έφεξής
1863 1445 1918 1508 έν-

346 1554 515 1635 δοξόττρα,
547 1554 583 1615 τά
615 1553 676 1632 πρό
706 1551 769 1612 τών
788 1550 940 1631 μειζόνων
968 1548 1112 1629 ἀγώνων,
1135 1551 1167 1614 αἱ
1189 1551 1309 1628 ἀγώνες
1330 1548 1361 1615 οἱ
1382 1551 1518 1630 μείζους,
1551 1548 1749 1632 ήτελευταία
1772 1552 1841 1632 νίκη
1863 1551 1918 1609 καὶ

347 1654 570 1738 πολυύμνητος,
593 1655 631 1716 τά
653 1653 704 1716 ἀπ’
724 1653 826 1740 έκείνη
847 1657 982 1735 βραβεία
1008 1660 1061 1717 καὶ
1090 1659 1152 1719 τών
1181 1656 1296 1719 ἄθλων
1325 1656 1361 1717 τδ
1385 1654 1528 1717 ἔπαθλα.
1574 1653 1637 1726 οτίς
1658 1655 1700 1715 ἀν
1721 1653 1817 1717 ταῦτα
1839 1649 1917 1713 καθ’

345 1766 475 1826 ἕκαστον
497 1758 633 1821 έπέλθοι
654 1763 696 1842 τηδ
717 1756 821 1842 λόγως
851 1760 904 1833 τίς,
928 1761 989 1821 κάν
1010 1761 1094 1835 ἄγαν
1115 1760 1272 1841 έπιτέμοι,
1305 1762 1346 1841 μή
1370 1760 1553 1838 παρατείνοι
1575 1761 1629 1819 τδν
1651 1755 1730 1838 ῦπὲρ
1760 1754 1917 1835 εύσεβείτις

347 1865 439 1949 ζήλου
461 1863 591 1936 έκετνυν,
621 1861 676 1922 τόν
706 1859 803 1932 δντως
829 1862 891 1943 πῦρ
920 1865 1057 1926 πνέοντα
1087 1869 1140 1925 καί
1170 1867 1231 1945 πῦρ
1261 1862 1415 1947 ἀφιέντα,
1448 1859 1504 1943 ὕφ’
1526 1856 1563 1925 ού
1583 1862 1621 1922 τό
1642 1859 1841 1941 βδελύγματα
1862 1862 1917 1940 τής

346 1969 472 2051 πλάνης
492 1963 724 2047 ἀπετεφρώθη,
757 1963 917 2047 αλσθητώς
939 1989 969 2028 τε
991 1966 1059 2047 ἅμα
1090 1971 1145 2029 καὶ
1166 1971 1281 2049 νοητώς
1303 1966 1466 2038 ἀπωλείας
1488 1963 1574 2049 ζόφῳ
1597 1963 1838 2045 παραδοθέντα,
1861 1963 1918 2036 τάς

346 2073 425 2155 ὑπὲρ
446 2069 562 2135 τούτων
584 2065 679 2141 αῦθις
700 2065 860 2142 εύθύνας,
893 2071 927 2132 τδ
959 2074 1038 2151 πρός
1067 2072 1179 2142 ταύτας
1200 2074 1255 2134 τοῦ
1275 2072 1433 2152 μάρτυρος
1453 2066 1662 2148 ὑπεροπτικὸν
1683 2072 1737 2129 καί
1758 2075 1916 2142 γενναίαν,

346 2175 379 2239 τό
402 2173 522 2250 εὐγενές
541 2173 642 2235 έκτίνο
666 2170 875 2252 παράστημα,
909 2173 942 2235 τδ
973 2178 1028 2237 τού
1059 2173 1270 2260 φρυΙνήματος
1296 2177 1450 2253 μέγεθος,
1483 2174 1517 2234 τό
1546 2176 1598 2253 τής
1626 2169 1768 2252 γλώσσης
1837 2168 1915 2234 1742

347 2280 527 2359 έλεύθερον,
549 2280 604 2357 τήν
625 2277 820 2357 παρρησίαν,
851 2276 905 2358 τήν
926 2276 1086 2351 ἔνστασιν,
1117 2281 1185 2350 τοὺς
1207 2277 1366 2356 ἐλέγχους,
1395 2277 1451 2347 τὰς
1472 2274 1668 2350 ἀποδείξεις,
1701 2273 1735 2336 τό
1758 2275 1838 2355 πρός
1858 2273 1915 2346 τάς

348 2381 490 2453 κολάσεις
511 2378 700 2460 καρτερικόν,
728 2379 762 2440 τδ
785 2380 865 2460 πρός
885 2380 940 2451 τάς
962 2383 1107 2452 θωπείας
1128 2381 1317 2459 ἀμείλικτον,
1346 2381 1380 2441 τό
1403 2377 1531 2459 στερρόν
1558 2380 1637 2457 πρὸς
1658 2376 1790 2440 ἅπασαν
1812 2393 1914 2457 προσ-

347 2486 455 2570 βολήν,
476 2486 510 2546 τό
532 2486 610 2564 πρός
633 2486 742 2546 πᾶσαν
763 2494 877 2563 πείραν
899 2482 1074 2559 ἀνάλωτον,
1103 2490 1156 2545 καὶ
1183 2484 1270 2557 τέλος
1299 2485 1353 2566 τήν
1380 2484 1460 2565 πρός
1486 2484 1541 2544 τόν
1569 2479 1716 2544 θάνατον
1748 2479 1915 2561 εὐτολμίαν

348 2594 401 2653 καί
423 2591 666 2670 περιφρόνησιν·
698 2587 751 2668 ἔφ’
774 2586 819 2660 ολς
840 2582 875 2648 αλ
896 2586 1030 2665 ἀμοιβαὶ
1052 2596 1160 2663 ποίαις
1183 2592 1236 2649 καὶ
1256 2591 1293 2650 τό
1316 2589 1394 2669 γέρα
1416 2591 1486 2649 τίνα
1509 2591 1561 2646 καὶ
1583 2585 1684 2662 πόσας
1709 2582 1850 2668 ψάμμον
1872 2583 1915 2644 ἀν

348 2695 500 2777 πρότερον
522 2689 705 2779 ἀριθμήσης
725 2689 892 2773 θαλάσσης
913 2694 967 2751 καὶ
988 2690 1120 2771 ἀστέρας
1142 2689 1281 2773 ούρανοῦ
1302 2695 1356 2752 καὶ
1377 2687 1533 2767 σταγόνας
1552 2687 1641 2753 ῦεττῦ
1665 2690 1684 2770 ή
1704 2691 1758 2750 τόν
1781 2687 1915 2769 ἄπειρον

349 2797 484 2862 πλοῦτον
508 2801 571 2858 τών
596 2797 795 2878 μαρτυριιών
822 2795 1021 2874 χαρισμάτων
1042 2792 1176 2879 ἀριθμῷ
1198 2794 1314 2883 δυνήση
1337 2795 1527 2878 περιλαβεῖν.
1579 2792 1689 2874 7τούτῳ
1718 2797 1779 2874 γὰρ
1811 2791 1915 2876 έδόθη

349 2902 438 2984 παρὰ
461 2901 613 2982 Χριστοῦ,
644 2895 721 2981 ύπὲρ
743 2894 781 2961 ού
802 2900 924 2960 παθείν
944 2897 1054 2972 είλετο,
1086 2899 1154 2960 ἀνω
1176 2901 1235 2978 μὲν
1256 2901 1289 2961 τῦ
1314 2908 1454 2961 συνεῖναι
1482 2901 1535 2959 καί
1564 2894 1801 2977 συμβασιλεύειν
1829 2892 1915 2979 αι’τῴ·

348 3002 515 3085 βασιλείαν
536 3003 710 3085 ἄφθαρτον
731 3006 784 3064 καὶ
806 2999 947 3076 αἰώνιον,
969 3000 1139 3082 ῦπερβάνα
1160 3005 1215 3085 τήν
1230 3001 1326 3084 φύσιν
1348 3007 1401 3063 καλ
1426 3005 1494 3086 θεῷ
1516 3004 1629 3084 σαφώς
1644 3003 1812 3085 γενομένῳ,
1835 3003 1917 3064 θεοῦ

351 3107 592 3192 συγκληρονόμηι
613 3109 668 3166 καὶ
688 3104 889 3190 κληρονόμῳ,
922 3104 940 3166 δ
969 3106 1070 3186 πέρας
1091 3103 1176 3166 ολδεν
1198 3104 1215 3167 δ
1239 3104 1348 3182 λόγος*
1377 3107 1481 3189 πάσης
1501 3105 1742 3188 μακαριότητος,
1771 3109 1855 3167 κάτω
1879 3104 1916 3167 δὲ

350 3214 384 3275 τό
415 3208 565 3291 δυνάμεις
594 3207 728 3271 έκτελείν
759 3207 962 3291 παραδόξους
995 3212 1048 3270 καλ
1078 3213 1185 3272 κοινδν
1223 3213 1321 3272 πᾶσιν
1350 3209 1467 3293 ὄφελος
1494 3208 1688 3293 χρηματίζειν
1717 3207 1917 3291 ἀνθρώποις.

351 3320 458 3379 τοῦτον
479 3311 637 3395 εύεργέτην
658 3310 810 3397 δημόσιον
831 3315 1011 3394 κατέστησεν
1034 3311 1038 3397 Ι
1062 3310 1080 3374 ό
1104 3311 1253 3387 δοξάσας.
1280 3317 1388 3378 τοῦτον
1418 3312 1435 3395 ή
1467 3312 1775 3397 πολυποίκιλος*τῷ
1840 3314 1917 3378 175ι

351 3419 417 3482 ἀντι
439 3421 539 3499 σοφία
561 3416 760 3494 πολύτροπον
780 3413 855 3496 ήμίν
876 3415 1006 3491 ἀγαθόν
1029 3420 1082 3477 καὶ
1104 3416 1268 3489 πολυειδὲς
1296 3418 1472 3497 έχαρίσατο.
1501 3412 1590 3491 οὗτος
1619 3415 1636 3479 δ
1666 3420 1780 3496 μικροῦ
1807 3421 1917 3478 πᾶσαν

351 3525 448 3586 κτίσιν
469 3523 606 3600 τεράτων
627 3525 681 3580 καὶ
703 3523 836 3599 σημείων
859 3520 997 3601 πληρῶν,
1025 3517 1117 3585 ότοῦ
1140 3523 1350 3602 χριστωνύμου
1373 3523 1452 3586 λαοῦ
1481 3525 1560 3583 κατά
1589 3523 1764 3602 βαρβάρων
1791 3542 1918 3601 προπο-

352 3625 466 3707 λεμών,
488 3622 506 3687 ό
530 3627 582 3684 καί
604 3623 801 3704 στρατιώταις
823 3625 865 3686 ἔτι
888 3625 1165 3706 συστρατευόμενος
1188 3631 1241 3686 καλ
1263 3630 1479 3709 συστρατηγῶν
1493 3635 1671 3708 στρατηγοῖς
1692 3624 1918 3704 καίβασιλτύσι

353 3734 441 3801 νίκας
463 3729 628 3809 βραβεύων
649 3734 702 3789 καὶ
725 3727 831 3801 πόλεις
852 3734 905 3790 καλ
926 3729 1031 3809 χώρας
1052 3727 1113 3794 ῦπό
1133 3740 1221 3811 χείρω
1245 3729 1477 3810 παραδιδούς*·
1514 3728 1679 3805 ἀπόδειξις
1700 3729 1814 3793 τούτων
1837 3729 1919 3795 αύτά

352 3858 383 3897 τε
404 3835 442 3895 τὰ
465 3832 635 3914 πράγματα
658 3835 710 3893 καλ
732 3833 837 3912 πρός*
858 3856 892 3908 γε
915 3834 950 3894 τά
973 3836 1152 3913 γράμματα,
1176 3834 1211 3896 έν
1231 3831 1276 3907 οἷς
1296 3830 1327 3896 οἳ
1350 3833 1389 3897 δι’
1406 3832 1503 3899 αῦτόν
1523 3832 1743 3915 εὐτυχήσαντες
1764 3835 1819 3916 τήν
1840 3831 1919 3914 δμο-

353 3939 463 4015 λογίαν
491 3942 544 4019 τής
571 3941 698 4017 χάριτος
727 3936 899 3999 ἀθάνατον
928 3937 1039 4000 ἔλιπον
1066 3937 1170 4016 ώσπερ
1203 3939 1237 4001 ἔν
1266 3956 1324 4001 τισι
1354 3939 1479 4023 στήλαις
1508 3937 1665 4022 ἀκινήτοις
1693 3941 1747 3997 καὶ
1768 3936 1919 4012 αἰωνίοις,

353 4040 530 4120 βασιλικαῖς
553 4039 685 4125 ἀληθώς
708 4040 963 4122 φιλοφροσύναις
985 4041 1052 4119 ἅμα
1083 4046 1135 4101 καὶ
1164 4039 1340 4105 ἀντιδόσεσι
1368 4045 1423 4124 τήν
1449 4044 1502 4126 ἔφ’
1524 4040 1569 4116 οἷς
1599 4041 1634 4107 εύ
1655 4039 1841 4103 πεπόνθασι
1863 4039 1922 4122 δη-

354 4145 478 4219 λοῦντες
497 4143 746 4227 εῦγνωμοσύνην.
803 4139 914 4216 Βοὗτος
936 4143 953 4206 ό
977 4149 1088 4227 φοβών
1111 4149 1164 4206 καὶ
1186 4149 1243 4209 νῦν
1264 4146 1433 4229 πολεμίους
1453 4151 1506 4208 καί
1529 4145 1647 4225 λύτρων
1668 4148 1762 4225 χωρίς
1782 4146 1923 4226 ἐπιστρέ-

354 4272 427 4333 φων
449 4249 681 4330 αἰχμαλωσίας·
712 4244 800 4321 οὗτος
829 4246 846 4310 ῦ
880 4249 979 4313 σκῦλα
1009 4248 1213 4329 προνομεόων
1240 4248 1368 4330 έχθρών
1397 4255 1449 4312 καλ
1479 4247 1628 4329 ἀπαρχάς
1659 4249 1761 4320 ἀλλας
1782 4251 1814 4312 τέ
1835 4269 1922 4321 τινας

356 4353 573 4438 προσηκούσας
601 4351 845 4431 ἀπολαμβάνων
874 4358 927 4413 καὶ
949 4349 1026 4417 αῦτά
1049 4356 1146 4415 ταῦτα
1176 4351 1214 4435 δή
1246 4356 1282 4416 τό
1313 4356 1370 4418 σῦν
1397 4353 1492 4436 τούτῳ
1523 4355 1657 4414 νικώντα
1685 4352 1755 4425 τοῦς
1785 4351 1924 4435 έχθροῦς

354 4459 451 4522 όπλα.
476 4458 480 4546 Ι
503 4459 582 4520 καθ’
605 4456 683 4520 όλου
704 4456 731 4517 δ’
753 4456 863 4530 εἰπεῖν,
887 4455 905 4517 ὁ
926 4455 961 4518 έν
983 4454 1133 4534 πολέμοις
1153 4454 1228 4538 ήμτν
1249 4456 1470 4538 ἀνδραγαθῶν
1499 4455 1549 4518 ἀεὶ
1581 4462 1634 4518 καὶ
1656 4460 1780 4536 κρατών
1847 4455 1924 4522 175²

232 4620 235 4625 .
355 4558 445 4636 υύτος
474 4562 610 4642 ἀτεχνώς
638 4563 691 4623 καὶ
712 4559 769 4638 οὐχ
789 4562 906 4638 ἕτερος,
939 4559 968 4620 εί
990 4560 1017 4621 δ’
1039 4557 1105 4640 οὖν,
1135 4557 1219 4622 ἀλλά
1248 4562 1312 4641 πρό
1339 4583 1373 4637 γε
1400 4563 1518 4634 παντός
1540 4559 1721 4624 οὑτινοσοῦν
1742 4560 1848 4644 ἑτέρου
1871 4568 1925 4624 καὶ

352 4662 432 4749 ύπδρ
454 4665 609 4740 ἅπαντας,
632 4661 800 4745 έπειδήπερ
822 4663 987 4741 έξαιρέτως
1008 4666 1151 4729 ένταῦθα
1172 4664 1261 4727 δοκεί
1281 4686 1348 4736 πως
1370 4662 1646 4745 ύπτρπτριοστόειν
1667 4670 1737 4745 περὶ
1760 4666 1814 4727 τόν
1833 4664 1926 4743 άγιον

426 4834 439 4883 5
462 4816 581 4886 Aeschyl
599 4815 730 4871 Prometh
751 4833 764 4867 τ
779 4816 785 4876 Ι
801 4834 813 4882 5
834 4815 927 4870 Με111ι
945 4837 983 4883 24,
1004 4835 1030 4884 ις
1047 4818 1053 4880 Ι
1068 4836 1082 4884 7
1102 4818 1144 4872 0¹¹¹
1163 4819 1223 4886 περί
1239 4817 1290 4871 τών
1308 4815 1455 4883 θαυμάτων
1474 4815 1643 4870 θίαιὶαπαπά
1658 4818 1662 4880 Ι
1679 4835 1693 4883 7
1712 4816 1782 4871 Rom
1801 4821 1824 4884 8,
1844 4836 1872 4884 17
1889 4816 1894 4887 Ι
1909 4836 1923 4884 7

354 4885 445 4957 Εφλιετ
463 4907 486 4954 3,
507 4906 537 4940 10
552 4893 556 4954 Ι
572 4906 586 4953 7
601 4891 683 4958 χεῖρα
701 4887 867 4954 παραδιδούς
885 4887 925 4953 0²,
941 4893 986 4960 χεῖ
1003 4889 1133 4958 ραάιδοός
1151 4889 1184 4945 0¹
1205 4889 1374 4943 θίιιάτπτυπά
1389 4889 1394 4956 Ι
1410 4906 1424 4954 7
1442 4888 1513 4955 πρόσ
1529 4886 1570 4953 0¹,
1588 4888 1641 4958 πρό
1660 4886 1693 4943 (1ι
1713 4887 1881 4941 θέαάτπτυπδ
