4560 6172
288 727 345 794 σῦκ
367 729 490 792 έννοεῖν
512 727 644 792 δίδωσιν
666 727 708 801 τός
730 728 767 792 οῦ
790 733 948 811 φευκτέος,

226 835 269 899 25
291 837 351 906 έως
371 830 490 893 λαθών
510 854 555 904 τις
576 832 708 912 έμπέσοι
730 837 785 893 καί
808 836 884 896 νοῦν
907 831 1013 912 λάβοι,

291 937 326 1008 ὃς
348 933 430 1014 κάμέ
452 935 558 995 πάντα
580 939 634 996 τόν
657 935 719 1014 πρό
744 938 798 998 τοῦ
818 934 935 1011 γλυκὺν
956 938 1028 1013 βίον

292 1035 510 1118 ἀπραγμόνως
532 1035 667 1118 ζη’σαντα
690 1040 745 1097 καί
765 1035 934 1119 γαληνίως,

292 1140 396 1204 πάλαι
417 1162 448 1202 τε
473 1144 632 1219 ιχαίρεινι
658 1142 737 1201 πάσι
758 1139 854 1201 τοῖσδ’
876 1140 1022 1220 εἰρηκότα
1045 1174 1086 1187 -

290 1247 445 1322 βαθμοῖς,
468 1252 688 1322 προπομπαῖς,
713 1241 885 1323 ἀξιώμασι,
909 1243 1052 1322 θρόνοις,

228 1348 271 1412 30
294 1344 371 1434 αὐτῇ
397 1348 506 1405 κακῶν
529 1343 607 1427 ζάλη
629 1367 659 1406 τε
683 1349 736 1405 καί
757 1349 913 1424 τρικυμία,

292 1443 338 1510 (δν
359 1446 575 1528 ἐμπέπλησται
597 1450 688 1509 πάσα
711 1446 794 1521 δόξα
814 1451 868 1509 τοῦ
889 1450 961 1526 βίου
988 1484 1046 1521 -,

292 1551 353 1633 ἤδη
375 1573 406 1612 τε
429 1553 521 1611 νικᾶν
542 1551 587 1622 είς
609 1549 697 1623 τέλος
719 1553 949 1629 πεπεισμένον

293 1652 349 1738 (ὡς
372 1653 414 1714 ἀν
436 1675 480 1723 τις
502 1651 599 1714 ἔνθεν
622 1650 667 1724 τίς
689 1656 925 1731 προγέγραπται
948 1651 1025 1726 τότε,

293 1756 419 1836 μᾶλλον
441 1754 468 1816 δ’
490 1754 616 1816 ἐκεῖθεν
638 1753 684 1826 ολς
706 1757 951 1835 προπέπρακται
972 1754 1105 1837 μάθοι),

229 1861 272 1925 35
296 1863 348 1919 καὶ
372 1857 410 1939 δη
434 1859 514 1935 πρὸς
535 1856 620 1937 ε’ψος
641 1868 748 1937 χεῖρας
770 1856 939 1937 έξαίροντά
959 1880 1008 1938 με,

295 1966 349 2022 καὶ
370 1960 408 2042 δὴ
432 1963 601 2041 κροτοῦντα
623 1957 781 2038 σύμβολον
803 1963 890 2041 νίκης
910 1962 992 2038 μέγα

294 2063 433 2145 φθάσας
455 2065 594 2144 κραταιᾷ
614 2067 693 2142 χειρί
716 2065 773 2126 νῦν
794 2061 1021 2139 συλλαμβάνει,

293 2172 348 2227 καὶ
368 2167 423 2248 τὴν
445 2166 613 2243 ἄκαμπτον
635 2163 773 2243 καρδίαν
793 2165 930 2246 κάμψας
950 2167 1017 2244 βίᾳ,

294 2269 365 2343 ἄγει
388 2270 476 2349 φέρει
500 2290 540 2340 τε,
564 2271 616 2327 καὶ
638 2269 764 2349 τίθησιν
785 2268 830 2339 τίς
850 2271 949 2347 μέσον

219 2373 274 2436 ’40
295 2375 349 2432 τόν
371 2372 520 2451 ἐκφυγεῖν
542 2368 683 2444 δόξαντα
705 2373 773 2432 πᾶν
796 2368 854 2450 η’δη
876 2371 984 2449 μέσον.

297 2473 379 2557 Ιτῶν
401 2479 476 2552 πρὶν
499 2471 528 2533 δ’
550 2471 680 2533 ἐκείνων
702 2469 847 2534 ἀστάτων
869 2471 1028 2534 ἐνυπνίων

297 2581 350 2636 καῖ
373 2578 434 2636 ταῖν
458 2575 615 2653 λογισμῶν
638 2573 683 2646 οίς
704 2574 842 2653 ἐμαυτόν
864 2573 1028 2653 ἐκράτουν,

296 2677 540 2741 κατεσκέδασται
563 2679 708 2755 σύγχυσίς
728 2699 773 2749 τις
795 2679 850 2738 καί
872 2675 980 2757 ζόφος,

297 2780 375 2844 σῦιω
399 2784 479 2843 θεοῦ
501 2778 680 2861 σφήλαντας
702 2776 811 2852 αὐτοῦς
832 2778 973 2858 ἀθρόον,

233 2885 276 2949 45
298 2884 377 2946 οῦτω
403 2886 481 2946 θεοῦ
503 2881 662 2962 φόραντος
683 2880 811 2966 ἀρρήτῳ
834 2880 942 2964 τρόπῳ

296 2990 351 3049 καί
373 2987 479 3047 πάντα
501 2986 698 3063 συγχέαντος,
722 2982 764 3056 ὥς
786 2982 929 3063 ἀγνωσία

299 3092 443 3167 σέβοιμεν
464 3085 570 3162 αὐτόν,
594 3087 637 3160 ὥς
658 3110 703 3160 τις
722 3087 791 3149 εἶπε
812 3089 875 3149 τῶν
899 3085 1004 3149 πάλαι
1029 3124 1068 3134 -

299 3191 464 3271 ἀλλότριος
486 3193 556 3271 μέν,
578 3190 662 3272 πλην
684 3190 790 3262 καλῶς
812 3189 917 3252 δοκῶν
939 3189 1054 3271 φάναι.

297 3301 351 3360 τοῦ
374 3296 537 3372 θαύματος
557 3296 620 3373 γάρ
642 3295 740 3356 ἔνθεν
762 3290 846 3376 αὐτῷ
868 3294 902 3358 τό
924 3291 1033 3370 πλέον,

235 3401 278 3466 50
299 3399 334 3460 έκ
355 3403 408 3478 της
431 3396 572 3475 ἀβύσσου
594 3400 656 3458 τῶν
678 3394 809 3477 ἀδήλων
831 3392 1000 3476 κριμάτων,

299 3498 345 3563 τόν
368 3499 454 3561 αλδεν
475 3497 576 3571 οῦδείς
597 3502 666 3571 τοὺς
688 3496 888 3579 ἀπορρήτους
909 3495 1033 3578 λόγους,

299 3602 345 3676 οἷς
366 3604 436 3676 εἶξα
458 3600 557 3678 κάγά.
581 3607 634 3662 καὶ
655 3604 683 3664 τί
704 3605 766 3680 γδρ
789 3604 911 3662 παθεῖν
934 3599 1008 3675 ἔδει,

297 3708 342 3780 είς
364 3707 418 3767 τόν
441 3705 601 3786 δυνάστην
623 3705 802 3784 ἐμπεσόντα
824 3708 879 3766 τδν
900 3705 1018 3783 μέγαν,·

300 3808 413 3873 οὐκοῦν
435 3807 621 3889 έκάμφθην.
646 3813 700 3868 καί
721 3810 890 3888 κρατηθείς
911 3805 956 3878 είς
978 3805 1079 3883 ἀπαν,

234 3914 277 3979 55
298 3912 449 3992 ὑπῆλθεν
471 3910 531 3994 η’δη
552 3915 606 3976 τοῦ
628 3910 719 3988 ζυγοῦ
741 3913 774 3973 ιδ
798 3912 938 3991 φορτίον,

299 4020 352 4075 καί
374 4013 493 4093 μάρτυς
514 4015 577 4092 εἰμί
598 4018 651 4078 τοῦ
673 4014 868 4093 πανισχόρου
891 4012 1033 4093 κράτους,

300 4118 317 4180 ὃ
339 4115 441 4200 ῥᾷστα
465 4121 575 4177 πᾶσαν
596 4114 770 4193 ἐκβιάζεται
794 4114 900 4194 φύσιν,

301 4222 362 4281 κάν
384 4219 555 4301 σκληρότης
575 4242 620 4291 τις
642 4216 822 4299 αὐτόχρημα
843 4218 1002 4296 τυγχάνοι.

298 4319 371 4384 ἀλλ’
394 4326 488 4392 εἴτις
510 4319 601 4400 αῦχεῖ
621 4322 745 4402 στερρός
767 4320 850 4381 ελναι
871 4323 928 4392 τάς
950 4322 1073 4400 φρένας

235 4427 278 4492 60
300 4429 438 4498 καὶτοῖς
460 4422 620 4502 λογισμοῖς
642 4423 799 4505 ἀσφαλῶς
820 4424 997 4504 βεβηκέναι,

299 4528 447 4591 έντεῦθεν
468 4529 511 4589 ἀν
533 4525 701 4588 παίδευσιν
722 4525 885 4605 ἀρκοῦσαν
906 4524 1011 4602 λάβοι,

298 4632 342 4714 μη
364 4629 495 4713 σφόδρα
519 4632 655 4708 θαρρεῖν
675 4628 757 4712 μηδὲ
781 4628 934 4690 πιστεύειν
955 4627 1052 4703 άγαν,

300 4733 344 4806 ἀς
366 4743 429 4806 τοῖς
451 4730 564 4796 ἑαυτοῦ
585 4730 731 4813 χρήσεται
753 4733 879 4803 πάντως
902 4729 1027 4809 νόμοις·

301 4837 401 4911 ἄλλος
423 4836 485 4917 γάρ
507 4833 583 4918 η’μῖν
606 4834 641 4908 ῦς
663 4839 697 4897 τό
719 4837 787 4897 πᾶν
809 4835 871 4913 ἔχει
893 4830 1018 4914 κράτος,

1602 3203 1633 3265 4ο
1660 3198 1722 3267 quia
1740 3195 1811 3254 ine?
