4560 6172
296 721 399 798 οὐδεὶς
420 722 448 786 δ’
470 723 561 807 ε’ρίζει
583 728 625 810 τῷ
648 727 769 814 ξενιστῇ
791 728 845 790 τοῦ
865 726 980 807 γέρως·

292 827 449 902 ἐξίσταται
469 831 531 910 γάρ
553 832 716 908 πανταχοῦ
737 834 799 892 τῶν
818 832 929 909 τιμίων

295 942 358 1004 τοῖς
381 934 528 1012 κρείττοσι
549 935 720 1014 πρόθυμος
741 930 876 1016 ἡττόνων
898 933 999 1017 φόσις.

232 1036 275 1101 35
296 1034 393 1117 η’ττων
415 1034 451 1097 δὲ
473 1038 538 1110 πᾶς
558 1059 603 1108 τις
624 1039 677 1100 τοῦ
700 1040 885 1118 κρατοῦντος
907 1037 1060 1117 ἐννόμως,

296 1137 402 1213 ἄλλως
422 1161 462 1213 τε,
486 1141 547 1200 κάν
568 1137 655 1218 τόχοι
676 1162 720 1214 τις
742 1137 779 1202 οδ
801 1138 908 1222 δῶρον
929 1145 1030 1225 τύχης,

299 1242 371 1304 ἀλλ’
393 1242 429 1303 ίκ
453 1244 532 1307 θεοῦ
555 1245 638 1322 σχών
659 1246 712 1308 τοῦ
734 1244 867 1324 κράτους
888 1245 944 1318 τάς
966 1244 1055 1328 ἡνίας

297 1344 339 1419 ὡς
361 1344 378 1408 ὁ
401 1350 549 1426 κραταιός
570 1344 720 1430 δεσπότης
744 1352 978 1423 Κωνσταντίνος

300 1448 317 1512 δ
341 1449 547 1529 Μυνομάχος,
571 1445 608 1514 οὗ
629 1449 787 1533 κρατήσας
809 1450 825 1512 ό
850 1452 979 1534 φθόνος

232 1554 276 1618 40
298 1550 516 1636 άντεκρατηθη
538 1557 592 1613 καὶ
614 1556 769 1637 νενίκηται
792 1553 900 1628 πλέον,

299 1659 379 1721 θεοῦ
400 1657 554 1736 κραταιάν
575 1667 665 1739 χείρα
688 1657 799 1731 δόντος
821 1657 961 1739 ὑψόθεν,

301 1764 354 1821 καί
377 1763 457 1840 πρὸς
476 1762 620 1843 μεγίστην
644 1760 747 1835 δόξαν
768 1761 803 1836 ἐξ
824 1759 951 1841 άτιμίας

302 1864 437 1944 ἄραντος
459 1861 555 1927 αὐτόν
575 1866 667 1946 μέχρι
690 1870 743 1925 καί
765 1864 914 1945 λαμπροῦ
938 1868 1081 1947 στίφους,

225 1976 227 1980 ’
300 1966 351 2029 άεί
372 1990 404 2029 τε
426 1966 679 2049 συμπράττοντος
701 1968 723 2028 ά
747 1968 894 2051 πράττειν
917 1971 1022 2049 θέμις,

236 2071 280 2136 45
302 2074 356 2131 καὶ
378 2069 658 2144 συνδιευθόνυντος
680 2069 763 2157 αὐτῷ
785 2074 818 2134 τδ
841 2071 964 2152 κράτος,

303 2172 375 2246 δέος
395 2177 455 2256 μὲν
476 2172 616 2256 ἕχθροίς,
640 2172 758 2257 ἡδονήν
780 2173 809 2237 δ’
831 2174 993 2258 ῦπηκόοις,

303 2281 356 2338 καὶ
378 2280 493 2356 θαῦμα
516 2279 633 2350 παντός
655 2281 708 2340 τοῦ
728 2279 800 2355 βίου
823 2283 876 2339 καὶ
897 2277 951 2343 τοῦ
971 2276 1099 2362 χρόνου.

304 2379 388 2456 ἀλλ’,
410 2378 435 2443 τό
458 2384 586 2463 κραταιέ
609 2379 747 2443 δέσποτα
770 2383 958 2465 στεφηφόρε,

304 2483 397 2564 δέχου
419 2486 474 2546 τόν
495 2484 649 2559 ἐξάγοντα
672 2487 741 2567 φῶς
763 2482 830 2548 άπὸ
853 2488 991 2562 σκότους,

241 2589 284 2654 50
305 2590 360 2651 τόν
381 2588 416 2663 ἐξ
437 2586 588 2665 άναχκῶν
609 2587 708 2652 δόντα
730 2606 780 2652 σοι
804 2593 957 2673 σωτηρίαν

307 2696 360 2753 καί
381 2693 462 2774 πρδς
483 2695 629 2755 τοσοῦτον
649 2691 734 2774 ὕψος
755 2692 916 2776 ἐξείραντα
939 2712 990 2758 σε·

307 2794 401 2875 δέχου
423 2819 454 2857 τε
478 2798 602 2878 πιστάς,
624 2801 677 2858 καί
699 2799 771 2875 σέβε
792 2799 872 2881 πρός
894 2795 1000 2875 άξίαν,

305 2898 444 2981 βλέπων,
468 2897 604 2975 άκοόων,
627 2904 823 2983 προσκυνεῖν,
850 2905 983 2983 κρατοῦν,
1006 2905 1115 2986 φέρων

307 3001 403 3066 αὐτόν
425 3003 505 3066 θεόν
526 3027 557 3066 τε
578 3008 633 3065 καί
654 3008 734 3068 θεοῦ
757 3007 903 3088 φρικτοῦς
924 3005 1047 3083 λόγους,

241 3109 284 3174 55
308 3107 358 3194 Ιτδ
384 3110 446 3170 τόν
466 3110 588 3188 βροτόν
609 3110 689 3189 φιῦς,
711 3108 766 3191 την
786 3111 909 3191 τρυφὴν
929 3114 992 3173 τόν
1013 3109 1166 3190 άχχίλων,
1275 3204 1277 3209 Ι

305 3216 360 3273 τὸν
382 3214 436 3272 καὶ
456 3210 684 3288 βασιλεύσαντα
707 3216 760 3274 καὶ
783 3213 945 3298 στέψαντά
967 3234 1001 3277 σε

307 3319 361 3377 καὶ
383 3315 650 3394 συμβασιλεύοντα
672 3320 726 3376 καλ
748 3316 904 3379 σκίποντά
926 3334 975 3379 σε·

307 3412 335 3503 ᾦ
356 3417 511 3494 συχξίνιζε
533 3422 587 3479 καὶ
609 3417 722 3501 φίλους
744 3422 946 3503 καὶμητέρα,

308 3520 406 3587 αὐτόν
427 3545 457 3584 ιε
480 3520 535 3584 τόν
555 3519 613 3585 σῦν
634 3527 800 3604 σύμμαχον
821 3528 874 3584 καὶ
895 3523 1080 3608 προστάτην,

245 3628 288 3692 60
309 3621 336 3712 ᾧ
356 3627 396 3688 τά
417 3626 556 3706 τρόπαια
578 3625 687 3709 κλῆσιν
709 3625 805 3702 άξίαν
826 3627 924 3689 ἔθου·

310 3732 425 3806 πάντες
446 3732 507 3812 γάρ
530 3731 574 3803 είς
595 3733 632 3793 ἓν
654 3729 886 3813 συνδραμόντες
907 3729 1039 3814 άθρόυι,

308 3835 423 3899 σύνεισι
446 3838 581 3917 Χριστῷ,
605 3839 659 3895 καλ
680 3833 807 3897 δέονται
828 3837 885 3899 σοῦ
905 3835 1019 3917 χάριν·

310 3939 425 4011 πάντες
446 3941 480 4000 σε
502 3937 737 4020 λαμπρύνουσι·
761 3939 883 4012 πάντας
904 3935 959 4004 οὖν
981 3938 1084 4019 δέχου.

311 4037 393 4105 οῦτοι
416 4045 529 4126 στέφος
551 4059 611 4118 σοι,
631 4045 802 4126 μάργαροι,
825 4043 966 4125 λαμπροί
988 4043 1095 4121 λίθοι,

248 4148 289 4213 65
312 4148 497 4226 κοσμοῦντες
518 4146 563 4221 ως
585 4145 737 4209 κάλλιστα
759 4151 813 4230 την
835 4146 1021 4227 ἁλουργίδα.

311 4245 394 4314 οὗτοι
417 4250 483 4312 κατ’
504 4249 633 4332 ἐχθρῶν
656 4248 742 4313 όπλα
765 4271 814 4312 σοι
838 4253 1007 4335 νικηφόρα,

311 4355 388 4435 μεθ’
411 4347 457 4415 ὦν
477 4364 599 4436 κρατεῖς
620 4376 650 4415 τε
673 4358 725 4415 καί
748 4355 911 4438 κρατήσεις
932 4357 977 4429 είς
997 4354 1095 4430 τέλος,

313 4458 350 4519 έν
371 4455 416 4530 οίς
438 4455 591 4539 φυλάξεις
612 4454 734 4538 εὐτυχές
755 4477 812 4522 σου
833 4460 867 4521 τδ
891 4459 1014 4540 κράτος,

313 4560 413 4644 καλην
435 4562 511 4643 παρ’
535 4559 712 4624 αὐτῶνκαὶ
734 4565 796 4643 πρδ
818 4567 870 4643 τῆς
891 4563 927 4627 ἐν
949 4563 1052 4628 ἐλπίσι

249 4667 292 4731 70
312 4667 364 4749 τῆς
385 4662 541 4742 εὐσεβείας
562 4665 617 4748 την
640 4662 777 4750 α’μοιβην
799 4666 982 4749 λαμβάνων.

230 4877 297 4944 82.
319 4874 376 4948 Ελς
397 4873 572 4956 σταόρωσιν
594 4878 722 4958 χρυσῆν.

1607 3143 1810 3212 ςςΡεεΙταοζες

1635 3216 1726 3272 Swete
1744 3215 1780 3270 εδ

1617 3286 1793 3341 Theodorum

1614 3359 1806 3427 Mopsuhesto·

1607 3448 1672 3482 num
1687 3430 1739 3494 148
1760 3430 1813 3484 Ba·

1617 3501 1696 3553 silius
1707 3520 1760 3568 133,
1770 3520 1801 3568 34

1608 3576 1660 3636 188,
1670 3590 1701 3638 49
1718 3592 1771 3640 347,
1783 3592 1810 3625 21

1608 3662 1710 3770 αα
