4560 6172
206 558 283 625 1⁷⁷
1736 559 1795 623 101

208 729 364 811 μάρτυρες
385 731 456 800 τοὺς
477 726 649 812 ὑπερφυεῖς
671 727 798 801 ἄθλους
819 728 956 809 ἤνεγκαν
989 732 1044 788 καί
1064 727 1120 800 τάς
1148 724 1292 806 μεγάλας
1318 727 1435 811 ἤραντο
1465 731 1570 803 νίκας,
1603 729 1655 808 ἐφ’
1687 729 1737 803 αλς
1767 732 1806 793 τά

210 838 334 914 κρείττω
357 836 493 915 βραβετα
516 838 569 895 καὶ
591 831 623 895 οἱ
644 829 811 895 α’θάνατοι
833 835 1002 916 στέφανοι·
1025 829 1087 896 find
1102 829 1219 895 τούτων
1234 833 1382 908 ποιμένες
1396 832 1529 910 ἄμεινον
1542 831 1806 916 έποιμάνθησαν,

210 942 465 1021 κατηρτίσθησαν
494 940 648 1013 ποίμνια,
680 935 871 999 διδάσκαλοι
901 934 1150 1019 λσοφίσθηζσαν,
1189 937 1465 1019 κατηυθύνθησαν
1493 939 1659 1018 μαθηταί,
1728 939 1804 1002 1241

210 1041 339 1124 άσκηταί
362 1042 577 1121 πτερωθέντες
597 1043 660 1100 ταῖν
683 1043 859 1120 προσγείων
880 1037 1089 1121 ἐπόρθησαν·
1119 1030 1205 1100 οὗτοι
1226 1075 1270 1085 -
1301 1040 1329 1098 τί
1349 1040 1406 1120 χρη
1431 1038 1534 1115 λέγειν
1557 1044 1594 1102 τά
1618 1042 1737 1119 πλείως
1761 1079 1801 1090 -

206 1148 270 1207 τῶν
292 1144 375 1224 άπερ
404 1146 447 1204 άν
467 1145 551 1204 είποι
573 1165 618 1214 τις
639 1143 771 1222 έργάται
792 1141 902 1203 καλῶν
923 1144 1013 1221 παρά
1038 1144 1119 1203 θεοῦ
1140 1163 1171 1203 τε
1193 1139 1345 1213 δοθέντες
1366 1140 1442 1223 η’μτν
1463 1144 1517 1207 έπί
1532 1149 1698 1218 παντοίαις
1720 1144 1803 1225 εύερ-

207 1251 325 1323 γεσίαις
347 1254 400 1307 καί
423 1248 503 1323 πρὸς
526 1248 606 1308 θεὸν
630 1247 714 1328 ἡμᾶς
736 1248 865 1323 ἄγοντες
888 1246 943 1307 διά
965 1252 1018 1326 τῆς
1050 1246 1193 1327 τοιαύτης
1221 1249 1442 1324 χειραγωγίας·
1474 1246 1620 1322 α’γγέλοις
1652 1252 1711 1328 μὲν
1740 1254 1803 1329 γὰρ

210 1350 285 1416 οῦδὲ
307 1352 419 1434 ταύτην
440 1356 514 1421 ίσως
536 1348 670 1424 ὑπέταξε
691 1351 747 1432 την
770 1352 867 1411 κτίσιν
889 1346 906 1410 δ
930 1351 1048 1430 κτίστης
1066 1346 1170 1428 ὥσπερ
1201 1345 1277 1411 ούδέ
1306 1352 1361 1431 την
1389 1348 1580 1428 μέλλουσαν,
1616 1353 1695 1412 καθ’
1718 1352 1801 1432 άπερ

209 1453 402 1534 άκούομεν*·
437 1454 478 1515 δι’
500 1450 644 1527 άγγέλων
673 1453 708 1514 δὲ
731 1451 819 1533 σρίζει
849 1456 901 1513 καὶ
931 1454 1067 1530 κυβερνᾷ
1097 1452 1135 1512 τά
1158 1449 1338 1533 ποιήματα,
1369 1450 1459 1536 ἄλλῳ
1482 1456 1564 1537 πρός
1585 1455 1667 1517 ἄλλο
1688 1479 1716 1517 τι
1738 1460 1802 1519 τάν

208 1560 318 1621 καλοῦν
340 1562 544 1641 κεχρημένος,
569 1563 622 1619 καί
645 1560 724 1640 πρὸς
747 1555 875 1617 ἅπαντα
900 1559 999 1616 πᾶσιν
1008 1601 1017 1630 ,
1045 1551 1089 1627 ὥς
1110 1552 1260 1634 ὀργάνοις
1281 1555 1483 1637 ἐπιτηδείοις·
1518 1559 1574 1620 διά
1597 1564 1685 1623 τοῦτο
1707 1579 1799 1641 μεστη

209 1668 300 1725 πᾶσα
321 1665 360 1742 γῆ
382 1684 413 1723 τε
436 1666 489 1721 καί
512 1661 678 1736 θάλασσα,
703 1664 796 1743 νῆσος
818 1663 871 1719 καί
893 1658 1039 1740 ἤπειρος,
1073 1656 1167 1730 πόλις
1199 1662 1253 1718 καὶ
1275 1655 1383 1736 χτόρα,
1412 1660 1588 1744 οἰκουμένη
1611 1668 1665 1725 καὶ
1687 1663 1802 1745 ἔρημος
1873 1649 1875 1653 ⁷

211 1769 348 1846 χαρίτων
371 1763 563 1841 α’γγελικιῦν·
600 1771 654 1827 καὶ
676 1762 730 1828 σῦκ
753 1765 836 1826 ἔστιν
857 1762 959 1843 εῦρεῐν
983 1762 1065 1823 ὅθεν
1087 1761 1233 1823 ἄλλοθεν
1253 1761 1378 1840 μᾶλλον
1399 1764 1420 1842 ἢ
1440 1763 1592 1828 ἐντεῦθεν
1614 1765 1689 1846 ἡμῖν
1712 1770 1802 1847 παρά

215 1874 297 1933 θεοῦ
319 1877 374 1930 καὶ
395 1875 472 1948 μετά
498 1870 579 1930 θεόν
602 1868 618 1929 ό
644 1869 760 1951 θνητός
783 1866 900 1944 κόσμος
922 1861 1009 1937 οὗτος
1031 1862 1065 1928 εύ
1085 1888 1116 1926 τε
1138 1867 1306 1927 πέπονθεν
1327 1865 1388 1949 ἤδη
1422 1871 1476 1927 καί
1498 1866 1535 1932 ού·
1565 1874 1641 1949 πρὶν
1672 1869 1804 1949 πάσχων

211 1973 364 2037 παύσεται
388 1979 463 2051 πρὶν
485 1978 538 2033 καὶ
564 1972 686 2047 δέξεται
709 1970 818 2034 λύσιν·
851 1970 933 2046 τάχα
962 1968 998 2030 δὲ
1030 1973 1084 2028 καί
1112 1968 1146 2029 τύ
1180 1968 1335 2049 ἔμπαλιν·
1370 1969 1407 2034 ού
1431 1976 1507 2049 πρὶν
1529 1976 1591 2048 ἕξει
1613 1973 1706 2035 λύσιν
1728 1982 1805 2053 ττρῐν

210 2078 307 2148 οὕτως
329 2073 364 2139 εύ
387 2079 521 2154 πάσχων
542 2074 596 2137 ὑπ’
619 2073 723 2139 αύτιῦν
745 2072 909 2134 παύσεται.

299 2179 386 2241 3θέπλ
409 2169 557 2249 τοιούτοις
586 2179 662 2259 ἡμῖν
691 2179 708 2260 η
741 2181 889 2255 παροῦσα
918 2176 1164 2255 λαμπροφορία·
1199 2179 1289 2239 τοῦτο
1319 2180 1378 2237 νῦν
1399 2174 1488 2258 ἡμῶν
1513 2179 1516 2264 ζ
1541 2184 1576 2241 τό
1597 2202 1658 2259 μυ-
1728 2181 1806 2244 124²
1890 2182 1894 2187 ’

211 2283 352 2367 στηρισν·
376 2289 498 2355 τούτοις
518 2282 708 2364 ἑορτάζομεν
730 2283 877 2363 σήμερον.
900 2282 927 2340 τῦ
948 2283 1016 2351 ποῦς
1038 2278 1206 2360 ἐκλαλησω
1229 2282 1283 2359 τῆς
1305 2281 1430 2358 χάριτος
1445 2284 1500 2362 την
1516 2279 1711 2364 ῦπερβσληνς
1734 2290 1802 2357 πιῦς

211 2388 247 2449 δὲ
270 2392 514 2469 σονεπαρθῆναι
540 2386 715 2467 δυνήσομαι
744 2389 788 2467 τῷ
817 2387 947 2462 μεγέθει
975 2386 1030 2446 τοῦ
1058 2381 1244 2461 πράγματος
1252 2410 1264 2459 ,·
1298 2382 1451 2458 άγγέλοος
1482 2386 1640 2467 ξενίζομεν
1662 2386 1705 2459 τός
1727 2393 1802 2467 πρὶν

205 2489 383 2572 Ἀβραάμ*,
408 2489 476 2569 σύχὶ
498 2490 558 2554 δύο
581 2498 634 2551 καὶ
656 2499 753 2571 τρεῖς,
779 2486 863 2549 α’λλά
888 2486 1072 2564 σύμπαντά
1096 2485 1235 2570 σύστημα
1259 2490 1322 2548 τεόν
1344 2486 1413 2548 ἄνω
1437 2490 1620 2569 ταγμάτων·
1653 2490 1800 2573 άγγελικη

211 2599 371 2676 παρουσία
394 2598 427 2657 τό
451 2596 527 2672 παρ’
550 2589 640 2673 ἡμῶν
661 2594 839 2670 τιμοίμενον
860 2594 935 2654 νῦν·
966 2587 1112 2664 άγγέλων
1144 2588 1359 2672 στρατόπεδον
1386 2589 1495 2668 βλέπω
1526 2592 1580 2677 τὴν
1612 2593 1801 2675 ἐκκλησίαν·

210 2699 416 2780 παρεμβολὴ*
439 2701 519 2760 θεοῦ
539 2695 625 2779 αῦτη,
649 2694 761 2771 λεγέτω
784 2695 840 2759 σῦν
863 2693 937 2778 ἦμέν
956 2691 1079 2772 Ἰακώβ,
1103 2689 1146 2764 τός
1162 2692 1301 2774 φοβερός
1322 2693 1358 2754 δὲ
1380 2701 1434 2754 καί
1457 2691 1546 2770 οὗτος
1569 2695 1585 2758 ό
1609 2699 1724 2772 τόπος*
1748 2705 1802 2761 καὶ

210 2803 414 2883 θαυμαστός·
442 2802 542 2880 ἄμφω
564 2801 626 2881 γάρ
649 2799 667 2860 δ
691 2797 801 2873 αύιός,
824 2797 871 2860 ότι
893 2801 947 2858 καλ
969 2796 1024 2868 οὓς
1045 2794 1255 2859 ὑποδέδεκται
1275 2794 1331 2860 οῦκ
1354 2799 1436 2861 ἔστιν
1459 2799 1593 2884 α’ληθῶς
1616 2807 1704 2866 τοῦτο
1727 2802 1802 2864 ἀλλ’

210 2909 232 2988 ἢ
253 2907 338 2978 οίκος
360 2908 455 2978 θεοῦ,
480 2909 534 2964 καὶ
557 2903 633 2985 αῦτη
655 2899 672 2984 ἡ
698 2902 780 2983 πύλη
801 2904 855 2965 τοῦ
876 2898 1026 2984 ούρανοῦ,
1058 2903 1112 2960 καί
1133 2900 1151 2981 ἦ
1176 2902 1256 2981 πρός
1277 2897 1416 2980 ούρανδν
1446 2901 1662 2983 α’νατρέχουσα
1686 2906 1804 2985 κλίμαξ

209 3009 276 3072 dno
299 3012 352 3090 τῆς
373 3012 439 3090 γῆς,
462 3002 482 3095 ᾖ
504 3006 521 3068 ό
545 3012 652 3085 κύριος
674 3006 910 3087 ίπεστηρικται,
944 3008 999 3064 καλ
1021 3005 1098 3063 καθ’
1121 3003 1159 3084 ἢν
1182 3002 1212 3065 ολ
1235 3004 1361 3080 ἄγγελοι
1397 3004 1497 3068 πάλιν
1531 3005 1744 3087 άναβαίνουσί
1764 3033 1796 3072 τε

209 3119 262 3174 καὶ
285 3114 522 3189 καταβαίνουσι,
544 3114 600 3182 τάς
623 3109 773 3193 ἡμετέρας
794 3107 887 3187 εὐχάς
909 3108 963 3169 ἐπὶ
978 3109 1059 3168 θεόν
1077 3106 1293 3189 άναφέρονττς
1316 3106 1470 3171 κόκείθεν
1484 3108 1582 3185 αύθις
1597 3111 1672 3194 ἡμῖν
1688 3116 1798 3175 πᾶσαν

209 3218 343 3300 άγαθην
365 3214 612 3293 άντικσμίζοντες
634 3213 728 3276 δόσιν
756 3219 810 3273 καὶ
826 3218 894 3274 πᾶν
912 3211 1044 3290 δώρημα
1059 3209 1205 3273 τέλειον*.
1253 3210 1417 3284 3ίείιιότως
1440 3212 1469 3274 δ’
1493 3213 1535 3274 άν
1555 3238 1611 3294 μοι
1634 3216 1719 3278 δοκιῦ
1743 3223 1798 3279 καὶ

209 3324 243 3383 τδ
264 3325 320 3386 τοῦ
341 3318 446 3398 Δαβὶδ
467 3318 749 3400 ἀναφθέγξασθαι
777 3320 832 3388 Τίς
862 3315 941 3388 θεὸς
969 3317 1069 3395 μέγας
1091 3311 1174 3386 τόςδ
1205 3316 1284 3386 θεός
1312 3318 1419 3399 ὴμῶνς
1453 3320 1490 3383 σύ
1513 3324 1555 3401 τῷ
1579 3319 1645 3380 ὄντι
1670 3318 1798 3398 θεός,ό

210 3429 313 3487 ποιιῦν
335 3424 506 3502 θαυμάσια
528 3413 644 3501 μόνος,
675 3420 692 3482 δ
724 3423 828 3482 ποιῶν
857 3419 928 3492 τοῦς
948 3418 1101 3494 α’γγέλους
1123 3435 1180 3480 σου
1203 3420 1368 3500 πνεύματα
1391 3427 1445 3483 καί
1466 3429 1536 3494 τοῦς
1560 3423 1563 3507 ζ
1589 3421 1654 3484 λει-
1723 3425 1800 3489 125¹

209 3528 358 3611 τουργούς
380 3547 437 3589 σου
462 3524 570 3607 φλόγα
593 3524 705 3605 πυρός,
729 3522 746 3585 ό
770 3532 834 3594 τοϊς
851 3526 1013 3604 Χερουβὶμ
1035 3520 1251 3600 ἐποχούμενος
1273 3527 1327 3584 καί
1349 3533 1413 3596 τοῖς
1427 3529 1574 3606 Σεραφιμ
1590 3524 1802 3605 δοξαζόμενος

210 3641 263 3696 καὶ
284 3632 347 3698 ὑπὸ
371 3631 477 3714 πάσης
498 3636 550 3711 τῆς
572 3629 641 3691 άνω
665 3632 870 3711 χοροστασίας
892 3626 1100 3707 ὑμνούμενος·
1132 3626 1178 3699 οίς
1200 3632 1314 3708 μικροῦ
1336 3635 1390 3690 καὶ
1412 3630 1508 3704 αύτδς
1530 3629 1587 3713 ὑφ’
1609 3629 1726 3714 ἡδονῆς
1744 3650 1801 3693 σο-

209 3742 402 3817 νεπαίρομαι
433 3740 487 3796 καί
517 3730 812 3813 συμπτερύσσεσθαί
847 3753 916 3803 πως
944 3730 1028 3793 δοκοῦ
1071 3736 1125 3791 καὶ
1156 3732 1211 3811 την
1248 3730 1346 3814 αύτην
1383 3740 1592 3814 συνεκπέμπω
1625 3739 1802 3798 θεσπεσίαν

209 3844 322 3923 φωνην
348 3842 424 3918 μετὰ
456 3843 507 3919 τῆς
537 3834 631 3918 αὐτῆς
653 3839 790 3917 κραυγῆς
820 3843 873 3895 καὶ
903 3831 1216 3908 ἐκστάσεωςἈγιος,
1250 3833 1356 3911 ἅγιος,
1389 3837 1479 3914 άγισς
1502 3841 1609 3918 κύριος
1631 3842 1800 3919 Σαβααίθ·

208 3945 330 4027 πλήρης
351 3945 368 4005 ό
392 3941 531 4021 ούρανός
553 3945 607 3999 καὶ
628 3939 646 4021 η“
670 3943 708 4019 γη
730 3945 783 4020 τῆς
807 3937 910 4020 δόξης.
944 3937 1045 3999 ἔτιδὲ
1069 3932 1219 3999 κάκεῖνα*
1242 3943 1436 4022 προστίθημι
1455 3941 1680 4024 Ἔμεγόλυνας,
1704 3944 1799 4026 κύριε,

209 4052 262 4113 τοῦ
285 4051 416 4130 ποιησαι
438 4047 513 4124 μεθ’
536 4042 639 4126 ἡμῶν·
669 4042 859 4123 ἐττληθυνας
887 4041 985 4112 ὄντως
1013 4041 1066 4102 τοῦ
1096 4039 1263 4104 πλουτίσαι
1285 4041 1384 4124 ἡμᾶς·
1418 4048 1547 4129 ἐφαναν
1580 4045 1614 4109 αἲ
1638 4048 1801 4128 α’στραπαί

209 4170 266 4215 σου
286 4154 323 4241 τῇ
345 4151 533 4233 οἰκουμένη·
566 4146 608 4218 ὠς
638 4151 709 4227 φῶς
737 4145 863 4224 βαλίδες
892 4161 949 4206 σου
979 4144 1185 4222 πορεύονται,
1213 4142 1254 4215 αἱ
1285 4154 1339 4208 σαὶ
1368 4147 1490 4230 δηλαδη
1518 4158 1627 4230 ναεραί
1650 4151 1802 4231 δυνάμεις

208 4255 302 4321 αύται
325 4260 379 4317 καί
402 4255 545 4337 φαειναί,
568 4253 608 4323 όὶς
630 4252 707 4312 καθ’
723 4248 806 4328 άπερ
829 4246 960 4321 α’κτίνας
981 4246 1200 4328 σελασφόρους
1220 4249 1353 4312 ἄνωθεν
1373 4255 1516 4331 πέμπεις,
1538 4255 1574 4315 ἐκ
1596 4259 1648 4336 τῆς
1671 4259 1726 4337 σῆς
1748 4279 1800 4336 τη-

207 4361 390 4443 λαυγήσεως
412 4356 544 4436 α’θρόας
563 4354 773 4433 ἐιδιδομένας
796 4359 850 4412 καὶ
872 4357 921 4414 σοὶ
943 4355 979 4441 τῇ
999 4351 1122 4438 μεγάλη
1145 4355 1490 4432 συνυπαστραπτούσας
1506 4354 1659 4444 ἀνατολῇ.
1706 4355 1801 4419 85ολον

206 4465 243 4527 δέ
263 4468 318 4526 καί
339 4464 373 4525 τό
397 4460 505 4543 ἅρμα*
526 4463 581 4522 τοῦ
595 4461 674 4521 θεοῦ
689 4458 721 4519 τύ
737 4455 983 4536 μυριοπλάσιον,
1006 4454 1148 4534 χιλιάδες
1163 4455 1298 4541 άληθῶς
1310 4455 1543 4541 εύθηνούντων,
1567 4455 1613 4521 όν
1625 4458 1718 4534 αι’τδς
1730 4462 1801 4523 ἐπι-

277 4691 307 4739 3τ
326 4671 403 4725 Hebr
421 4688 443 4731 2,
464 4687 476 4734 5
495 4670 500 4733 Ι
515 4686 545 4734 33
566 4667 622 4720 init
639 4666 674 4716 κά
687 4665 904 4735 superimposito
919 4668 940 4715 θ
953 4663 996 4718 0¹¹¹
1016 4664 1187 4717 βτοέιπιαιιδ
1201 4665 1207 4733 Ι
1222 4682 1251 4731 33
1272 4663 1333 4719 Gen
1351 4669 1413 4728 18,2
1433 4665 1585 4733 Hebr13‚2
1601 4670 1606 4730 Ι
1622 4685 1650 4733 33
1669 4683 1798 4736 asperum

212 4743 317 4799 codicis
329 4741 439 4796 servavi
456 4743 460 4806 Ι
477 4759 505 4806 33
527 4739 586 4793 Gen
606 4757 644 4805 32,
665 4756 676 4788 1
694 4744 698 4799 Ι
715 4756 743 4804 33
764 4736 824 4791 Gen
844 4740 882 4799 28,
903 4754 931 4802 17
948 4739 953 4802 Ι
970 4755 997 4802 33
1019 4734 1080 4790 Gen
1099 4740 1138 4801 28,
1158 4755 1187 4789 12
1203 4746 1207 4798 Ι
1225 4755 1253 4803 33
1272 4734 1356 4791 Iacob
1376 4756 1398 4799 1,
1419 4755 1446 4803 17
1463 4743 1467 4797 Ι
1484 4757 1515 4804 34
1532 4737 1625 4792 Ρεοίτο
1645 4757 1677 4800 ας
1696 4758 1726 4805 τ4
1745 4759 1772 4806 ¹5
1795 4786 1798 4809 ,

208 4834 240 4883 34
257 4814 349 4869 Ρεοίιο
369 4831 403 4865 ια
423 4813 473 4879 181
491 4830 521 4877 34
539 4809 633 4863 Psalm
652 4828 687 4878 ργ
704 4829 721 4874 4
737 4813 742 4876 Ι
758 4828 788 4875 34
806 4808 898 4862 ΡεοΙοι
918 4808 943 4868 ιζ
962 4827 989 4860 11
1006 4810 1059 4874 134
1076 4806 1163 4863 Iunias
1181 4813 1205 4872 6,
1224 4828 1237 4875 3
1254 4808 1494 4876 134Ρεο1ιορκι3
1512 4811 1517 4875 Ι
1533 4828 1564 4877 34
1582 4809 1675 4864 Psalm
1693 4810 1728 4871 ξδ
1745 4830 1774 4879 19
1794 4816 1798 4877 Ι

204 4907 237 4954 34
254 4886 347 4940 ΡεαΙιιι
366 4904 397 4948 ος
417 4889 445 4938 18
460 4886 465 4953 Ι
483 4902 514 4950 34
532 4882 687 4936 Ambae-um
707 4900 730 4950 3,
750 4900 776 4932 11
795 4888 843 4947 133
865 4879 957 4934 ΡετιΙτο
977 4881 1007 4940 ξζ
1024 4884 1052 4932 18
