4560 6172
512 532 597 598 22·

596 702 673 763 δσον
695 701 828 782 συνῆπτε
850 698 1032 782 πλησιάζων
1054 709 1118 773 τοῖς
1140 699 1208 762 ἄνω

595 803 744 883 λαμπροῦ
765 806 836 881 βίου
858 826 889 864 τε
911 808 965 864 καὶ
986 802 1082 880 λόγον
1104 807 1265 883 κοινωνίᾳ.

593 909 630 969 τά
653 911 710 971 νῦν
731 905 767 968 δὲ
788 911 883 971 ταῦτα
904 908 1015 987 μικρδς
1037 906 1144 989 ἤλεγξε
1165 909 1290 988 χρόνος,

596 1010 807 1092 διαρρυέντων
829 1008 957 1091 α’θρόον
979 1010 1108 1073 πάντων
1131 1009 1209 1089 ἅμα,

516 1117 574 1184 ,25
596 1118 725 1177 καὶτὸν
747 1117 826 1192 χθὲς
847 1113 1023 1188 αὐγάζοντα
1046 1113 1187 1196 φαιδρὸν
1209 1113 1335 1195 α’στέρα,

597 1217 692 1282 δύντα
715 1216 875 1297 πρόωρον,
898 1212 986 1290 οὗτος
1006 1217 1147 1300 ἔκρυψεν
1168 1221 1274 1290 τόπος.

599 1320 696 1405 α’στηρ
717 1324 788 1401 μέν,
809 1319 881 1384 ἀλλ’
904 1322 1076 1403 ἤστραπτεν
1098 1320 1188 1402 ἡλίου
1211 1322 1319 1396 πλέον,

598 1424 749 1505 πρόσγεια
772 1423 918 1504 λάμπων,
944 1423 1028 1486 ἄλλά
1052 1429 1149 1487 νικοῑν
1169 1429 1238 1498 τούς
1260 1426 1339 1500 ἅνω,

597 1533 650 1590 καὶ
669 1530 703 1590 τό
727 1532 900 1609 κράτιστον,
924 1531 999 1592 νούν
1020 1551 1051 1590 τε
1075 1533 1127 1589 καί
1150 1527 1254 1604 λόγον,
1279 1532 1396 1613 φέρων,

534 1634 577 1699 30
598 1631 644 1707 οἷς
666 1630 747 1715 ἦγεν,
770 1630 815 1705 οίς
837 1631 948 1707 ἔθελγε
971 1637 1023 1693 καὶ
1045 1631 1150 1694 λίθων
1172 1633 1276 1714 φύσιν.

597 1739 737 1799 τοιοῦτον
760 1733 798 1818 ἦν
819 1737 852 1797 τό
875 1739 990 1815 θαῦμα
1012 1740 1063 1817 τῆς
1085 1740 1164 1814 χθὲς
1187 1736 1314 1819 ἡμέρας,

598 1840 743 1903 τοσοῦτον
764 1838 917 1922 εὐτύχημα
939 1842 992 1902 τού
1015 1842 1134 1912 παντός
1154 1842 1225 1916 βίου

600 1948 653 2004 καὶ
675 1949 727 2007 τοτ’
749 1945 826 2005 καθ’
848 1943 930 2026 ἡμᾶς
951 1942 1034 2005 εἶδεν
1056 1943 1143 2024 η’λιος
1163 1944 1289 2023 χρόνον.

600 2052 658 2112 νύν
680 2048 708 2109 δ’
730 2045 773 2121 ὡς
795 2047 912 2127 ἔβλεψε
932 2050 987 2128 την
1007 2047 1155 2110 ἐναντίοιν
1176 2053 1279 2131 τύχην,

536 2151 578 2217 35
600 2156 653 2212 καὶ
674 2156 728 2234 την
750 2153 833 2213 κάτω
856 2153 1047 2230 σβεσθείσαν
1069 2151 1148 2226 ἔγνω
1171 2149 1339 2229 λαμπάδα,

601 2252 688 2342 Ιούδ
711 2253 803 2328 αύτδς
824 2252 899 2337 ημίν
921 2264 1063 2337 καρτερεῖ
1082 2254 1218 2333 λάμπειν
1239 2255 1292 2329 ἔτι,

601 2358 685 2422 ἀλλὰ
709 2359 900 2441 σκυθρωπός
920 2358 984 2421 ἐστι
1006 2362 1059 2418 καὶ
1081 2359 1211 2430 πάθους
1231 2360 1335 2437 γέμει·

601 2461 652 2524 δεί
670 2467 731 2542 γὰρ
754 2459 933 2538 στυγνάζειν
954 2461 1064 2522 πᾶσαν
1085 2460 1156 2542 ἄρτι
1177 2465 1232 2542 τὴν
1253 2464 1349 2523 κτίσιν

601 2565 645 2639 ὡς
668 2565 723 2648 την
743 2562 854 2647 ἑαυτῆς
875 2562 976 2639 δόξαν
996 2563 1208 2646 ἐστερημένην.

537 2668 580 2734 40
601 2666 771 2749 ὁμώνυμός
793 2685 842 2731 σοι
863 2669 968 2743 ταῦτα,
991 2666 1084 2731 δοῦλε
1106 2670 1225 2749 κυρίου,

601 2776 707 2856 ψυχῆς
728 2771 804 2854 ἐμῆς
823 2771 960 2854 μέλημα,
984 2776 1054 2855 φῶς
1074 2773 1136 2833 τῶν
1159 2769 1319 2852 ὀμμάτων,
1440 2802 1445 2816 ·

600 2874 805 2958 μαθημάτων
826 2878 956 2938 κοινωνὲ
979 2880 1032 2935 καὶ
1053 2873 1267 2951 διδασκάλων,

601 2976 627 3066 ᾦ
649 2984 702 3041 καὶ
724 2979 849 3062 συνέζης
870 2983 923 3041 καί
944 2982 1108 3052 συνέπνεις
1129 2979 1165 3041 έν
1185 2981 1255 3064 βίῳ,

603 3088 683 3165 πρὸς
704 3084 742 3146 δν
763 3085 797 3146 τδ
820 3083 950 3166 φίλτρον
971 3083 1049 3162 είχες
1070 3084 1272 3172 δξηρημένον,

537 3187 581 3254 45
602 3185 768 3267 ὁμώνυμός
789 3207 838 3249 σοι
860 3187 951 3271 τήνδε
973 3188 1028 3271 τη“ν
1047 3187 1221 3268 μονῳδίαν,

604 3295 736 3375 θρηνεῖν
757 3290 871 3353 ἑαυτόν
894 3289 938 3364 οἷς
959 3296 993 3353 τό
1007 3274 1072 3353 ’σόν
1094 3294 1208 3373 θρηνεῖ
1227 3289 1349 3364 πάθος.

603 3399 746 3459 πέπτωκε
768 3395 894 3475 τέδροςς
917 3393 934 3478 η“
957 3397 1045 3468 πίτυς
1067 3394 1241 3468 στεναζέτω.

606 3500 635 3562 εί
654 3502 715 3580 γάρ
740 3500 772 3562 στ’
797 3501 918 3561 θᾶττον
940 3496 1085 3583 ἡρπάγης
1106 3499 1141 3561 ἐκ
1162 3501 1216 3563 τού
1237 3501 1318 3576 βίον,

605 3603 753 3687 στόφρων,
774 3603 944 3684 ἄμεμπτος,
963 3602 1122 3686 ἐγκρατής,
1144 3599 1249 3680 όγνός,
1272 3606 1352 3677 νέος,

541 3708 585 3778 50
604 3711 632 3770 τί
652 3709 711 3791 χρη
732 3730 771 3788 με
792 3708 847 3771 τόν
869 3706 1020 3790 δύστηνον
1040 3706 1176 3780 ἐλπίζειν
1196 3707 1258 3785 ε’τις

521 3917 592 3985 38.
614 3915 671 3988 Είς
691 3919 745 3976 τόν
766 3912 940 3998 βεστόρχην
959 3912 1164 3996 Ἀνδρόνικον
1186 3912 1372 3994 έπιτόμβιοι.

564 4016 734 4092 1Ἐτείνος
755 4013 852 4093 οὗτος,
876 4018 892 4080 ό
915 4021 994 4097 χθὲς
1015 4017 1050 4080 δν
1071 4021 1130 4103 βίῳ
1151 4021 1259 4098 μέγας,

605 4120 739 4206 πλούτῳ,
761 4119 876 4197 λόγοις,
899 4119 977 4209 δόξη
999 4144 1030 4183 τε
1052 4121 1190 4203 λάμπων
1211 4130 1264 4184 καί
1286 4119 1404 4203 νόμοις,

605 4225 644 4288 όν
664 4225 726 4305 εἶχε
748 4225 864 4304 κόσμος
885 4224 1005 4301 κόσμον
1026 4225 1061 4289 ἐν
1082 4229 1160 4311 μέση
1183 4225 1286 4298 πόλει,

605 4331 641 4402 δς
663 4327 804 4413 φαιδρδν
826 4329 1026 4408 άντέλαμπεν
1047 4329 1082 4391 έκ
1105 4333 1161 4412 γῆς
1183 4327 1272 4413 ἡλίῳ,

562 4434 583 4499 5
603 4431 804 4514 ’Λνδρόνικος
827 4470 866 4480 -
889 4437 964 4514 φεύ·
987 4437 1054 4507 πῶς
1075 4435 1245 4513 προσείπω,
1268 4436 1321 4494 καί
1341 4435 1422 4508 τίνα,

605 4533 642 4602 οὗ
662 4537 742 4621 μηδὲ
764 4537 873 4619 κλῆσιν
896 4535 992 4613 α’ξίαν
1015 4538 1057 4598 ἄν
1077 4560 1121 4609 τις
1144 4535 1279 4619 φράσοι,

605 4641 688 4724 πλην
710 4640 796 4703 άλλδ
820 4651 926 4721 κεῖται,
948 4645 1002 4702 καὶ
1025 4640 1112 4714 τέλος
1135 4641 1212 4724 ζωῆς
1233 4641 1305 4721 ἔχει,

605 4750 676 4825 βίον
699 4769 729 4808 τε
751 4749 806 4811 τού
829 4744 963 4827 ῥέοντος,
986 4743 1072 4807 α’λλὰ
1095 4750 1150 4807 καί
1171 4744 1315 4829 φθόνου.

608 4850 702 4938 ,αὕτη
724 4849 760 4913 δὲ
780 4851 888 4934 μορφὴ
912 4853 965 4914 τού
986 4850 1207 4934 παρελθόντος
1227 4847 1320 4934 μόνη,

1894 1224 1923 1271 26
1943 1219 1971 1273 in
1985 1231 2100 1288 εκροψεν

1895 1291 1992 1344 addita
2013 1312 2028 1342 ν
2049 1309 2099 1360 po·

1893 1363 2009 1416 steriore
2028 1367 2100 1416 tem·

1904 1451 1970 1503 pore
1991 1434 2087 1487 Stude·

1894 1505 1978 1558 τιιαιιδ

1893 2685 1925 2730 40
1964 2665 2101 2718 Iohannes

1894 2737 2048 2792 vocabatur

1896 3098 1927 3145 44
1945 3079 2103 3148 ἔξηρημὲνον

1898 3150 1939 3214 0¹,
1971 3151 2103 3219 ἓξυοουέρ

1897 3240 1946 3273 νον
1956 3221 1988 3275 0¹
2008 3222 2103 3275 Stude·

1899 3293 1982 3346 mund
