<?xml version="1.0" encoding="UTF-8"?>
<!DOCTYPE html PUBLIC "-//W3C//DTD XHTML 1.0 Transitional//EN"
    "http://www.w3.org/TR/xhtml1/DTD/xhtml1-transitional.dtd">
<html xmlns="http://www.w3.org/1999/xhtml" xml:lang="en" lang="en">
 <head>
  <title>
</title>
<meta http-equiv="Content-Type" content="text/html;charset=utf-8" />
  <meta name='ocr-system' content='tesseract 3.04.00' />
  <meta name='ocr-capabilities' content='ocr_page ocr_carea ocr_par ocr_line ocrx_word'/>
</head>
<body>
  <div class='ocr_page' id='page_1' title='image "./iohanniseuchait00vatigoog_0226.png"; bbox 0 0 4560 6172; ppageno 0'>
   <div class='ocr_carea' id='block_1_1' title="bbox 318 539 1913 610">
    <p class='ocr_par' dir='ltr' id='par_1_1' title="bbox 318 539 1913 610">
     <span class='ocr_line' id='line_1_1' title="bbox 318 539 1913 610; baseline -0.001 -4"><span class='ocrx_word' id='word_1_1' title='bbox 318 539 404 608; x_wconf 79' lang='lat' dir='ltr'><em>18ss</em></span> <span class='ocrx_word' id='word_1_2' title='bbox 849 605 852 610; x_wconf 81' lang='grc'><em>,</em></span> <span class='ocrx_word' id='word_1_3' title='bbox 1852 540 1913 604; x_wconf 84' lang='grc'><em>183</em></span> 
     </span>
    </p>
   </div>
   <div class='ocr_carea' id='block_1_2' title="bbox 309 700 1915 4804">
    <p class='ocr_par' dir='ltr' id='par_1_2' title="bbox 319 700 1915 1616">
     <span class='ocr_line' id='line_1_2' title="bbox 319 700 1913 793; baseline 0.001 -23"><span class='ocrx_word' id='word_1_4' title='bbox 319 712 476 793; x_wconf 76' lang='grc' dir='ltr'><em>συμβῆναι</em></span> <span class='ocrx_word' id='word_1_5' title='bbox 505 709 539 770; x_wconf 83' lang='grc' dir='ltr'><em>τό</em></span> <span class='ocrx_word' id='word_1_6' title='bbox 571 704 794 788; x_wconf 88' lang='grc' dir='ltr'><em>θρυλούμενον</em></span> <span class='ocrx_word' id='word_1_7' title='bbox 821 706 963 788; x_wconf 87' lang='grc' dir='ltr'><em>ἄπορον,</em></span> <span class='ocrx_word' id='word_1_8' title='bbox 997 708 1051 766; x_wconf 78' lang='grc' dir='ltr'><em>καὶ</em></span> <span class='ocrx_word' id='word_1_9' title='bbox 1080 707 1150 778; x_wconf 79' lang='grc' dir='ltr'><em>τούς</em></span> <span class='ocrx_word' id='word_1_10' title='bbox 1179 707 1288 787; x_wconf 88' lang='grc' dir='ltr'><em>σφίσιν</em></span> <span class='ocrx_word' id='word_1_11' title='bbox 1317 700 1423 778; x_wconf 79' lang='grc' dir='ltr'><em>αύτοίς</em></span> <span class='ocrx_word' id='word_1_12' title='bbox 1455 702 1607 769; x_wconf 87' lang='grc' dir='ltr'><em>τάναντία</em></span> <span class='ocrx_word' id='word_1_13' title='bbox 1640 705 1848 789; x_wconf 68' lang='grc' dir='ltr'><strong><em>ὀμωμοκότας</em></strong></span> <span class='ocrx_word' id='word_1_14' title='bbox 1877 711 1913 771; x_wconf 85' lang='grc' dir='ltr'><em>ἐν</em></span> 
     </span>
     <span class='ocr_line' id='line_1_3' title="bbox 319 807 1913 897; baseline 0 -23"><span class='ocrx_word' id='word_1_15' title='bbox 319 811 454 897; x_wconf 77' lang='grc' dir='ltr'><strong><em>ἀφύκτῳ</em></strong></span> <span class='ocrx_word' id='word_1_16' title='bbox 484 810 525 893; x_wconf 93' lang='grc' dir='ltr'><em>δή</em></span> <span class='ocrx_word' id='word_1_17' title='bbox 554 831 615 873; x_wconf 92' lang='grc' dir='ltr'><em>τινι</em></span> <span class='ocrx_word' id='word_1_18' title='bbox 643 811 729 896; x_wconf 83' lang='grc' dir='ltr'><em>πάγη</em></span> <span class='ocrx_word' id='word_1_19' title='bbox 758 813 812 872; x_wconf 83' lang='grc' dir='ltr'><em>τοῦ</em></span> <span class='ocrx_word' id='word_1_20' title='bbox 848 810 976 882; x_wconf 88' lang='grc' dir='ltr'><em>πάντως</em></span> <span class='ocrx_word' id='word_1_21' title='bbox 1009 810 1237 891; x_wconf 86' lang='grc' dir='ltr'><em>παρανομήσαι</em></span> <span class='ocrx_word' id='word_1_22' title='bbox 1272 809 1484 887; x_wconf 85' lang='grc' dir='ltr'><em>συσχεθέντος</em></span> <span class='ocrx_word' id='word_1_23' title='bbox 1521 807 1656 871; x_wconf 77' lang='grc' dir='ltr'><em>λαθεῖν·</em></span> <span class='ocrx_word' id='word_1_24' title='bbox 1698 809 1822 895; x_wconf 97' lang='grc' dir='ltr'><em>ἀνάγκη</em></span> <span class='ocrx_word' id='word_1_25' title='bbox 1851 817 1913 893; x_wconf 86' lang='grc' dir='ltr'><em>γάρ</em></span> 
     </span>
     <span class='ocr_line' id='line_1_4' title="bbox 323 909 1914 999; baseline -0.001 -20"><span class='ocrx_word' id='word_1_26' title='bbox 323 921 432 991; x_wconf 83' lang='grc' dir='ltr'><em>πᾶσα,</em></span> <span class='ocrx_word' id='word_1_27' title='bbox 462 918 483 999; x_wconf 81' lang='grc' dir='ltr'><em>ή</em></span> <span class='ocrx_word' id='word_1_28' title='bbox 514 915 766 995; x_wconf 86' lang='grc' dir='ltr'><em>ἐπιορκήσαντος</em></span> <span class='ocrx_word' id='word_1_29' title='bbox 787 909 970 995; x_wconf 84' lang='grc' dir='ltr'><em>εύορκήσειν</em></span> <span class='ocrx_word' id='word_1_30' title='bbox 996 909 1267 994; x_wconf 80' lang='grc' dir='ltr'><em>ήεύορκήσαντας</em></span> <span class='ocrx_word' id='word_1_31' title='bbox 1295 913 1363 985; x_wconf 77' lang='grc' dir='ltr'><em>τοὺς</em></span> <span class='ocrx_word' id='word_1_32' title='bbox 1385 910 1509 992; x_wconf 83' lang='grc' dir='ltr'><em>ἄνδρας</em></span> <span class='ocrx_word' id='word_1_33' title='bbox 1529 911 1737 995; x_wconf 83' lang='grc' dir='ltr'><em>ἐπιορκήσειν,</em></span> <span class='ocrx_word' id='word_1_34' title='bbox 1760 919 1815 977; x_wconf 77' lang='grc' dir='ltr'><em>καὶ</em></span> <span class='ocrx_word' id='word_1_35' title='bbox 1836 914 1914 999; x_wconf 80' lang='grc' dir='ltr'><em>ἀλη·</em></span> 
     </span>
     <span class='ocr_line' id='line_1_5' title="bbox 321 1012 1915 1103; baseline 0.001 -21"><span class='ocrx_word' id='word_1_36' title='bbox 321 1023 439 1082; x_wconf 88' lang='grc' dir='ltr'><em>θεύσαι</em></span> <span class='ocrx_word' id='word_1_37' title='bbox 460 1023 520 1100; x_wconf 80' lang='grc' dir='ltr'><em>μὲν</em></span> <span class='ocrx_word' id='word_1_38' title='bbox 534 1017 767 1103; x_wconf 79' lang='grc' dir='ltr'><em>ψευσαμένους,</em></span> <span class='ocrx_word' id='word_1_39' title='bbox 789 1016 979 1099; x_wconf 82' lang='grc' dir='ltr'><em>ψεύσασθαι</em></span> <span class='ocrx_word' id='word_1_40' title='bbox 996 1015 1032 1077; x_wconf 80' lang='grc' dir='ltr'><em>δὲ</em></span> <span class='ocrx_word' id='word_1_41' title='bbox 1049 1013 1304 1098; x_wconf 86' lang='grc' dir='ltr'><em>ἀληθεύσαντας,</em></span> <span class='ocrx_word' id='word_1_42' title='bbox 1325 1012 1378 1077; x_wconf 87' lang='grc' dir='ltr'><em>οία</em></span> <span class='ocrx_word' id='word_1_43' title='bbox 1393 1015 1432 1098; x_wconf 83' lang='grc' dir='ltr'><em>δή</em></span> <span class='ocrx_word' id='word_1_44' title='bbox 1445 1018 1483 1077; x_wconf 84' lang='grc' dir='ltr'><em>τά</em></span> <span class='ocrx_word' id='word_1_45' title='bbox 1499 1018 1680 1099; x_wconf 76' lang='grc' dir='ltr'><em>σοφίσματα</em></span> <span class='ocrx_word' id='word_1_46' title='bbox 1695 1022 1749 1080; x_wconf 82' lang='grc' dir='ltr'><em>τού</em></span> <span class='ocrx_word' id='word_1_47' title='bbox 1762 1023 1915 1102; x_wconf 75' lang='grc' dir='ltr'><em>σοφιστοῦ</em></span> 
     </span>
     <span class='ocr_line' id='line_1_6' title="bbox 321 1115 1913 1205; baseline -0.001 -20"><span class='ocrx_word' id='word_1_48' title='bbox 321 1125 375 1205; x_wconf 86' lang='grc' dir='ltr'><em>τής</em></span> <span class='ocrx_word' id='word_1_49' title='bbox 396 1125 520 1194; x_wconf 84' lang='grc' dir='ltr'><em>κακίας.</em></span> <span class='ocrx_word' id='word_1_50' title='bbox 607 1118 633 1156; x_wconf 69' lang='lat'><em>²⁹</em></span> <span class='ocrx_word' id='word_1_51' title='bbox 644 1118 790 1191; x_wconf 74' lang='grc' dir='ltr'><em>τοιούτοις</em></span> <span class='ocrx_word' id='word_1_52' title='bbox 813 1115 869 1181; x_wconf 80' lang='grc' dir='ltr'><em>οὖν</em></span> <span class='ocrx_word' id='word_1_53' title='bbox 887 1117 1032 1200; x_wconf 88' lang='grc' dir='ltr'><em>άμμασιν</em></span> <span class='ocrx_word' id='word_1_54' title='bbox 1047 1116 1283 1201; x_wconf 81' lang='grc' dir='ltr'><em>ἀμφιστρόφοις</em></span> <span class='ocrx_word' id='word_1_55' title='bbox 1304 1122 1358 1179; x_wconf 81' lang='grc' dir='ltr'><em>καὶ</em></span> <span class='ocrx_word' id='word_1_56' title='bbox 1373 1115 1575 1192; x_wconf 86' lang='grc' dir='ltr'><em>ἀντιπλόκοις</em></span> <span class='ocrx_word' id='word_1_57' title='bbox 1586 1124 1656 1194; x_wconf 81' lang='grc' dir='ltr'><em>τους</em></span> <span class='ocrx_word' id='word_1_58' title='bbox 1673 1121 1913 1195; x_wconf 87' lang='grc' dir='ltr'><em>συναποστάτας</em></span> 
     </span>
     <span class='ocr_line' id='line_1_7' title="bbox 321 1219 1914 1308; baseline 0 -21"><span class='ocrx_word' id='word_1_59' title='bbox 321 1222 497 1306; x_wconf 75' lang='grc' dir='ltr'><em>συνδήσας,</em></span> <span class='ocrx_word' id='word_1_60' title='bbox 520 1226 574 1284; x_wconf 77' lang='grc' dir='ltr'><em>καὶ</em></span> <span class='ocrx_word' id='word_1_61' title='bbox 595 1223 727 1302; x_wconf 80' lang='grc' dir='ltr'><em>νομίσας</em></span> <span class='ocrx_word' id='word_1_62' title='bbox 749 1220 783 1283; x_wconf 88' lang='grc' dir='ltr'><em>ἐκ</em></span> <span class='ocrx_word' id='word_1_63' title='bbox 806 1220 922 1285; x_wconf 88' lang='grc' dir='ltr'><em>τούτων</em></span> <span class='ocrx_word' id='word_1_64' title='bbox 944 1220 1083 1304; x_wconf 88' lang='grc' dir='ltr'><em>ἀκριβῶς</em></span> <span class='ocrx_word' id='word_1_65' title='bbox 1104 1219 1206 1305; x_wconf 78' lang='grc' dir='ltr'><em>ἐαυτῷ</em></span> <span class='ocrx_word' id='word_1_66' title='bbox 1229 1223 1446 1304; x_wconf 88' lang='grc' dir='ltr'><em>κατοχυρῶσαι</em></span> <span class='ocrx_word' id='word_1_67' title='bbox 1467 1221 1522 1304; x_wconf 86' lang='grc' dir='ltr'><em>τήν</em></span> <span class='ocrx_word' id='word_1_68' title='bbox 1543 1223 1735 1305; x_wconf 80' lang='grc' dir='ltr'><em>τυραννίδα,</em></span> <span class='ocrx_word' id='word_1_69' title='bbox 1766 1223 1914 1308; x_wconf 87' lang='grc' dir='ltr'><em>λαμπρός</em></span> 
     </span>
     <span class='ocr_line' id='line_1_8' title="bbox 321 1323 1911 1412; baseline -0.002 -21"><span class='ocrx_word' id='word_1_70' title='bbox 321 1352 352 1392; x_wconf 91' lang='grc' dir='ltr'><em>τε</em></span> <span class='ocrx_word' id='word_1_71' title='bbox 375 1328 531 1408; x_wconf 77' lang='grc' dir='ltr'><em>λαμπρῶς</em></span> <span class='ocrx_word' id='word_1_72' title='bbox 553 1324 785 1407; x_wconf 80' lang='grc' dir='ltr'><em>ἀναγορευθεὶς</em></span> <span class='ocrx_word' id='word_1_73' title='bbox 807 1323 1020 1407; x_wconf 74' lang='grc' dir='ltr'><em>αὐτοκράτωρ,</em></span> <span class='ocrx_word' id='word_1_74' title='bbox 1040 1324 1138 1398; x_wconf 81' lang='grc' dir='ltr'><em>οὕτως</em></span> <span class='ocrx_word' id='word_1_75' title='bbox 1158 1324 1241 1407; x_wconf 84' lang='grc' dir='ltr'><em>ἀρας</em></span> <span class='ocrx_word' id='word_1_76' title='bbox 1262 1323 1389 1387; x_wconf 66' lang='grc' dir='ltr'><em>ἐκεῖθεν</em></span> <span class='ocrx_word' id='word_1_77' title='bbox 1411 1323 1588 1408; x_wconf 78' lang='grc' dir='ltr'><em>ἀκραιφνεῖ</em></span> <span class='ocrx_word' id='word_1_78' title='bbox 1599 1329 1719 1412; x_wconf 78' lang='grc' dir='ltr'><em>στρατῶ</em></span> <span class='ocrx_word' id='word_1_79' title='bbox 1741 1331 1794 1388; x_wconf 81' lang='grc' dir='ltr'><em>καί</em></span> <span class='ocrx_word' id='word_1_80' title='bbox 1809 1330 1911 1408; x_wconf 74' lang='grc' dir='ltr'><em>βαρεῖ,</em></span> 
     </span>
     <span class='ocr_line' id='line_1_9' title="bbox 321 1427 1910 1516; baseline 0.002 -23"><span class='ocrx_word' id='word_1_81' title='bbox 321 1434 400 1493; x_wconf 78' lang='grc' dir='ltr'><em>καθ’</em></span> <span class='ocrx_word' id='word_1_82' title='bbox 422 1430 513 1515; x_wconf 86' lang='grc' dir='ltr'><em>ήμῶν</em></span> <span class='ocrx_word' id='word_1_83' title='bbox 540 1428 639 1503; x_wconf 79' lang='grc' dir='ltr'><em>εύθύς</em></span> <span class='ocrx_word' id='word_1_84' title='bbox 655 1430 782 1513; x_wconf 88' lang='grc' dir='ltr'><em>ήλαυνε,</em></span> <span class='ocrx_word' id='word_1_85' title='bbox 804 1431 902 1516; x_wconf 76' lang='grc' dir='ltr'><em>θυμῷ</em></span> <span class='ocrx_word' id='word_1_86' title='bbox 918 1452 948 1492; x_wconf 88' lang='grc' dir='ltr'><em>τε</em></span> <span class='ocrx_word' id='word_1_87' title='bbox 963 1428 1139 1511; x_wconf 75' lang='grc' dir='ltr'><em>σφαδάζων</em></span> <span class='ocrx_word' id='word_1_88' title='bbox 1161 1432 1215 1490; x_wconf 78' lang='grc' dir='ltr'><em>καὶ</em></span> <span class='ocrx_word' id='word_1_89' title='bbox 1229 1427 1348 1513; x_wconf 68' lang='grc' dir='ltr'><em>πολήλῷ</em></span> <span class='ocrx_word' id='word_1_90' title='bbox 1363 1432 1478 1509; x_wconf 88' lang='grc' dir='ltr'><em>θράσει</em></span> <span class='ocrx_word' id='word_1_91' title='bbox 1494 1429 1587 1514; x_wconf 78' lang='grc' dir='ltr'><em>ῥέων,</em></span> <span class='ocrx_word' id='word_1_92' title='bbox 1610 1435 1664 1494; x_wconf 77' lang='grc' dir='ltr'><em>καὶ</em></span> <span class='ocrx_word' id='word_1_93' title='bbox 1677 1430 1767 1494; x_wconf 86' lang='grc' dir='ltr'><em>δεινά</em></span> <span class='ocrx_word' id='word_1_94' title='bbox 1833 1434 1910 1496; x_wconf 80' lang='lat'><strong>260¹</strong></span> 
     </span>
     <span class='ocr_line' id='line_1_10' title="bbox 319 1532 931 1616; baseline -0.003 -18"><span class='ocrx_word' id='word_1_95' title='bbox 319 1539 380 1616; x_wconf 80' lang='grc' dir='ltr'><em>μὲν</em></span> <span class='ocrx_word' id='word_1_96' title='bbox 402 1537 515 1608; x_wconf 88' lang='grc' dir='ltr'><em>ποιῶν,</em></span> <span class='ocrx_word' id='word_1_97' title='bbox 538 1532 681 1597; x_wconf 85' lang='grc' dir='ltr'><em>ἀπειλῶν</em></span> <span class='ocrx_word' id='word_1_98' title='bbox 703 1534 738 1596; x_wconf 78' lang='grc' dir='ltr'><em>δὲ</em></span> <span class='ocrx_word' id='word_1_99' title='bbox 761 1533 931 1615; x_wconf 83' lang='grc' dir='ltr'><em>δεινότερα.</em></span> 
     </span>
    </p>

    <p class='ocr_par' dir='ltr' id='par_1_3' title="bbox 309 1631 1912 3368">
     <span class='ocr_line' id='line_1_11' title="bbox 414 1631 1912 1720; baseline -0.001 -20"><span class='ocrx_word' id='word_1_100' title='bbox 414 1635 484 1700; x_wconf 71' lang='lat'><em>²³¹0</em></span> <span class='ocrx_word' id='word_1_101' title='bbox 506 1641 565 1719; x_wconf 81' lang='grc' dir='ltr'><em>μὲν</em></span> <span class='ocrx_word' id='word_1_102' title='bbox 587 1637 626 1720; x_wconf 81' lang='grc' dir='ltr'><em>δή</em></span> <span class='ocrx_word' id='word_1_103' title='bbox 649 1636 797 1717; x_wconf 81' lang='grc' dir='ltr'><em>βασιλεύς</em></span> <span class='ocrx_word' id='word_1_104' title='bbox 819 1635 1039 1714; x_wconf 88' lang='grc' dir='ltr'><em>Βαβυλωνίων</em></span> <span class='ocrx_word' id='word_1_105' title='bbox 1066 1635 1201 1710; x_wconf 76' lang='grc' dir='ltr'><em>ἐκεῖνος,</em></span> <span class='ocrx_word' id='word_1_106' title='bbox 1225 1631 1454 1716; x_wconf 84' lang='grc' dir='ltr'><em>Ἱεροσολύμοις</em></span> <span class='ocrx_word' id='word_1_107' title='bbox 1476 1639 1551 1699; x_wconf 75' lang='grc' dir='ltr'><em>ποτὲ</em></span> <span class='ocrx_word' id='word_1_108' title='bbox 1573 1647 1637 1710; x_wconf 79' lang='grc' dir='ltr'><em>τοῖς</em></span> <span class='ocrx_word' id='word_1_109' title='bbox 1659 1635 1818 1718; x_wconf 87' lang='grc' dir='ltr'><em>ἀοιδίμοις</em></span> <span class='ocrx_word' id='word_1_110' title='bbox 1839 1637 1912 1699; x_wconf 83' lang='grc' dir='ltr'><em>ἐπι-</em></span> 
     </span>
     <span class='ocr_line' id='line_1_12' title="bbox 325 1733 1912 1826; baseline -0.003 -20"><span class='ocrx_word' id='word_1_111' title='bbox 325 1747 501 1824; x_wconf 85' lang='grc' dir='ltr'><em>στρατεύων</em></span> <span class='ocrx_word' id='word_1_112' title='bbox 524 1736 567 1814; x_wconf 90' lang='grc' dir='ltr'><em>ῶς</em></span> <span class='ocrx_word' id='word_1_113' title='bbox 590 1733 703 1823; x_wconf 87' lang='grc' dir='ltr'><em>θήσων</em></span> <span class='ocrx_word' id='word_1_114' title='bbox 720 1738 886 1811; x_wconf 82' lang='grc' dir='ltr'><em>Ἰουδαίοις</em></span> <span class='ocrx_word' id='word_1_115' title='bbox 907 1742 963 1821; x_wconf 84' lang='grc' dir='ltr'><em>τήν</em></span> <span class='ocrx_word' id='word_1_116' title='bbox 985 1735 1082 1800; x_wconf 90' lang='grc' dir='ltr'><em>πόλιν</em></span> <span class='ocrx_word' id='word_1_117' title='bbox 1104 1735 1293 1813; x_wconf 74' lang='grc' dir='ltr'><em>ἀνάστατον,</em></span> <span class='ocrx_word' id='word_1_118' title='bbox 1326 1739 1430 1801; x_wconf 78' lang='grc' dir='ltr'><em>πολλὰ</em></span> <span class='ocrx_word' id='word_1_119' title='bbox 1455 1743 1514 1819; x_wconf 80' lang='grc' dir='ltr'><em>μὲν</em></span> <span class='ocrx_word' id='word_1_120' title='bbox 1538 1742 1618 1826; x_wconf 78' lang='grc' dir='ltr'><em>πρός</em></span> <span class='ocrx_word' id='word_1_121' title='bbox 1639 1739 1790 1822; x_wconf 82' lang='grc' dir='ltr'><em>ἔκπληξιν</em></span> <span class='ocrx_word' id='word_1_122' title='bbox 1811 1740 1912 1803; x_wconf 85' lang='grc' dir='ltr'><em>ἐποίει</em></span> 
     </span>
     <span class='ocr_line' id='line_1_13' title="bbox 324 1837 1911 1925; baseline -0.003 -18"><span class='ocrx_word' id='word_1_123' title='bbox 324 1850 378 1910; x_wconf 83' lang='grc' dir='ltr'><em>τοῦ</em></span> <span class='ocrx_word' id='word_1_124' title='bbox 402 1847 538 1919; x_wconf 79' lang='grc' dir='ltr'><em>ἔθνους,</em></span> <span class='ocrx_word' id='word_1_125' title='bbox 571 1845 660 1921; x_wconf 84' lang='grc' dir='ltr'><em>ἄγων</em></span> <span class='ocrx_word' id='word_1_126' title='bbox 684 1846 744 1922; x_wconf 81' lang='grc' dir='ltr'><em>μὲν</em></span> <span class='ocrx_word' id='word_1_127' title='bbox 773 1839 992 1921; x_wconf 72' lang='grc' dir='ltr'><em>αἰχμαλώτους</em></span> <span class='ocrx_word' id='word_1_128' title='bbox 1013 1841 1154 1921; x_wconf 75' lang='grc' dir='ltr'><em>βασιλεῖς</em></span> <span class='ocrx_word' id='word_1_129' title='bbox 1175 1840 1359 1923; x_wconf 87' lang='grc' dir='ltr'><em>κραταιούς,</em></span> <span class='ocrx_word' id='word_1_130' title='bbox 1392 1842 1474 1924; x_wconf 84' lang='grc' dir='ltr'><em>ἔθνη</em></span> <span class='ocrx_word' id='word_1_131' title='bbox 1497 1841 1532 1903; x_wconf 78' lang='grc' dir='ltr'><em>δὲ</em></span> <span class='ocrx_word' id='word_1_132' title='bbox 1555 1841 1596 1904; x_wconf 79' lang='grc' dir='ltr'><em>δι’</em></span> <span class='ocrx_word' id='word_1_133' title='bbox 1618 1837 1665 1904; x_wconf 87' lang='grc' dir='ltr'><em>ῶν</em></span> <span class='ocrx_word' id='word_1_134' title='bbox 1687 1840 1836 1925; x_wconf 86' lang='grc' dir='ltr'><em>ήλαυνεν,</em></span> <span class='ocrx_word' id='word_1_135' title='bbox 1867 1844 1911 1915; x_wconf 83' lang='grc' dir='ltr'><em>είς</em></span> 
     </span>
     <span class='ocr_line' id='line_1_14' title="bbox 326 1944 1912 2033; baseline -0.002 -23"><span class='ocrx_word' id='word_1_136' title='bbox 326 1951 418 2012; x_wconf 88' lang='grc' dir='ltr'><em>ἀπαν</em></span> <span class='ocrx_word' id='word_1_137' title='bbox 440 1946 747 2030; x_wconf 88' lang='grc' dir='ltr'><em>καταστρεφόμενος,</em></span> <span class='ocrx_word' id='word_1_138' title='bbox 781 1946 970 2024; x_wconf 88' lang='grc' dir='ltr'><em>οίκουμένας</em></span> <span class='ocrx_word' id='word_1_139' title='bbox 997 1967 1029 2007; x_wconf 85' lang='grc' dir='ltr'><em>τε</em></span> <span class='ocrx_word' id='word_1_140' title='bbox 1059 1944 1167 2017; x_wconf 79' lang='grc' dir='ltr'><em>πόλεις</em></span> <span class='ocrx_word' id='word_1_141' title='bbox 1189 1945 1352 2033; x_wconf 76' lang='grc' dir='ltr'><em>προσβολῇ</em></span> <span class='ocrx_word' id='word_1_142' title='bbox 1374 1947 1458 2032; x_wconf 88' lang='grc' dir='ltr'><em>μόνη</em></span> <span class='ocrx_word' id='word_1_143' title='bbox 1481 1948 1574 2008; x_wconf 84' lang='grc' dir='ltr'><em>σείων</em></span> <span class='ocrx_word' id='word_1_144' title='bbox 1596 1951 1650 2006; x_wconf 77' lang='grc' dir='ltr'><em>καὶ</em></span> <span class='ocrx_word' id='word_1_145' title='bbox 1673 1945 1780 2030; x_wconf 82' lang='grc' dir='ltr'><em>χῶρας</em></span> <span class='ocrx_word' id='word_1_146' title='bbox 1801 1945 1912 2011; x_wconf 84' lang='grc' dir='ltr'><em>εὐδαί-</em></span> 
     </span>
     <span class='ocr_line' id='line_1_15' title="bbox 324 2046 1911 2131; baseline -0.002 -16"><span class='ocrx_word' id='word_1_147' title='bbox 324 2074 427 2131; x_wconf 91' lang='grc' dir='ltr'><em>μονας</em></span> <span class='ocrx_word' id='word_1_148' title='bbox 460 2055 536 2131; x_wconf 80' lang='grc' dir='ltr'><em>πυρὶ</em></span> <span class='ocrx_word' id='word_1_149' title='bbox 565 2052 756 2124; x_wconf 87' lang='grc' dir='ltr'><em>κατακαίων,</em></span> <span class='ocrx_word' id='word_1_150' title='bbox 787 2048 918 2120; x_wconf 72' lang='grc' dir='ltr'><em>πολλοῖς</em></span> <span class='ocrx_word' id='word_1_151' title='bbox 948 2046 984 2110; x_wconf 85' lang='grc' dir='ltr'><em>δέ</em></span> <span class='ocrx_word' id='word_1_152' title='bbox 1014 2051 1068 2108; x_wconf 76' lang='grc' dir='ltr'><em>καὶ</em></span> <span class='ocrx_word' id='word_1_153' title='bbox 1097 2046 1205 2124; x_wconf 88' lang='grc' dir='ltr'><em>λόγοις</em></span> <span class='ocrx_word' id='word_1_154' title='bbox 1236 2047 1454 2131; x_wconf 72' lang='grc' dir='ltr'><em>ὑπερηφάνοις</em></span> <span class='ocrx_word' id='word_1_155' title='bbox 1482 2046 1689 2113; x_wconf 84' lang='grc' dir='ltr'><em>ἀπέσκωπτον</em></span> <span class='ocrx_word' id='word_1_156' title='bbox 1717 2049 1761 2122; x_wconf 82' lang='grc' dir='ltr'><em>είς</em></span> <span class='ocrx_word' id='word_1_157' title='bbox 1783 2051 1837 2112; x_wconf 89' lang='grc' dir='ltr'><em>τδν</em></span> <span class='ocrx_word' id='word_1_158' title='bbox 1858 2053 1911 2113; x_wconf 86' lang='grc' dir='ltr'><em>τοῦ</em></span> 
     </span>
     <span class='ocr_line' id='line_1_16' title="bbox 325 2149 1912 2236; baseline -0.003 -18"><span class='ocrx_word' id='word_1_159' title='bbox 325 2156 443 2227; x_wconf 80' lang='grc' dir='ltr'><em>ἔθνους</em></span> <span class='ocrx_word' id='word_1_160' title='bbox 473 2177 504 2215; x_wconf 89' lang='grc' dir='ltr'><em>τε</em></span> <span class='ocrx_word' id='word_1_161' title='bbox 532 2153 667 2231; x_wconf 76' lang='grc' dir='ltr'><em>βασιλέα</em></span> <span class='ocrx_word' id='word_1_162' title='bbox 697 2155 750 2214; x_wconf 80' lang='grc' dir='ltr'><em>καὶ</em></span> <span class='ocrx_word' id='word_1_163' title='bbox 778 2152 823 2224; x_wconf 88' lang='grc' dir='ltr'><em>είς</em></span> <span class='ocrx_word' id='word_1_164' title='bbox 842 2151 897 2213; x_wconf 90' lang='grc' dir='ltr'><em>τδν</em></span> <span class='ocrx_word' id='word_1_165' title='bbox 918 2150 1040 2212; x_wconf 88' lang='grc' dir='ltr'><em>ἐκείνου</em></span> <span class='ocrx_word' id='word_1_166' title='bbox 1063 2149 1154 2227; x_wconf 90' lang='grc' dir='ltr'><em>θεόν,</em></span> <span class='ocrx_word' id='word_1_167' title='bbox 1185 2152 1239 2214; x_wconf 90' lang='grc' dir='ltr'><em>τδν</em></span> <span class='ocrx_word' id='word_1_168' title='bbox 1259 2154 1319 2232; x_wconf 79' lang='grc' dir='ltr'><em>μὲν</em></span> <span class='ocrx_word' id='word_1_169' title='bbox 1341 2150 1384 2226; x_wconf 88' lang='grc' dir='ltr'><em>ῶς</em></span> <span class='ocrx_word' id='word_1_170' title='bbox 1405 2151 1509 2236; x_wconf 81' lang='grc' dir='ltr'><em>μάτην</em></span> <span class='ocrx_word' id='word_1_171' title='bbox 1535 2152 1701 2226; x_wconf 76' lang='grc' dir='ltr'><em>ἐλπίζοντα</em></span> <span class='ocrx_word' id='word_1_172' title='bbox 1728 2157 1808 2234; x_wconf 86' lang='grc' dir='ltr'><em>πρὸς</em></span> <span class='ocrx_word' id='word_1_173' title='bbox 1831 2156 1912 2216; x_wconf 86' lang='grc' dir='ltr'><em>θεὸν</em></span> 
     </span>
     <span class='ocr_line' id='line_1_17' title="bbox 324 2253 1911 2342; baseline -0.003 -21"><span class='ocrx_word' id='word_1_174' title='bbox 324 2260 485 2342; x_wconf 75' lang='grc' dir='ltr'><em>ἐκφοβῶν,</em></span> <span class='ocrx_word' id='word_1_175' title='bbox 515 2262 569 2320; x_wconf 85' lang='grc' dir='ltr'><em>τὸν</em></span> <span class='ocrx_word' id='word_1_176' title='bbox 598 2256 634 2318; x_wconf 78' lang='grc' dir='ltr'><em>δὲ</em></span> <span class='ocrx_word' id='word_1_177' title='bbox 665 2256 707 2328; x_wconf 87' lang='grc' dir='ltr'><em>ῶς</em></span> <span class='ocrx_word' id='word_1_178' title='bbox 737 2253 898 2318; x_wconf 87' lang='grc' dir='ltr'><em>ἀδύνατον</em></span> <span class='ocrx_word' id='word_1_179' title='bbox 927 2253 1096 2328; x_wconf 85' lang='grc' dir='ltr'><em>ἐξελέσθαι</em></span> <span class='ocrx_word' id='word_1_180' title='bbox 1125 2256 1180 2336; x_wconf 81' lang='grc' dir='ltr'><em>τήν</em></span> <span class='ocrx_word' id='word_1_181' title='bbox 1209 2253 1305 2317; x_wconf 88' lang='grc' dir='ltr'><em>πόλιν</em></span> <span class='ocrx_word' id='word_1_182' title='bbox 1327 2259 1390 2318; x_wconf 91' lang='grc' dir='ltr'><em>τῶν</em></span> <span class='ocrx_word' id='word_1_183' title='bbox 1415 2255 1528 2322; x_wconf 81' lang='grc' dir='ltr'><em>ἑαυτοῦ</em></span> <span class='ocrx_word' id='word_1_184' title='bbox 1558 2260 1673 2338; x_wconf 90' lang='grc' dir='ltr'><em>χειρῶν</em></span> <span class='ocrx_word' id='word_1_185' title='bbox 1700 2254 1911 2339; x_wconf 83' lang='grc' dir='ltr'><em>βλασφημῶν.</em></span> 
     </span>
     <span class='ocr_line' id='line_1_18' title="bbox 325 2357 1912 2446; baseline -0.003 -21"><span class='ocrx_word' id='word_1_186' title='bbox 325 2365 470 2425; x_wconf 78' lang='grc' dir='ltr'><em>τοσούτου</em></span> <span class='ocrx_word' id='word_1_187' title='bbox 492 2359 509 2422; x_wconf 85' lang='grc' dir='ltr'><em>ό</em></span> <span class='ocrx_word' id='word_1_188' title='bbox 531 2360 694 2440; x_wconf 87' lang='grc' dir='ltr'><em>βάρβαρος</em></span> <span class='ocrx_word' id='word_1_189' title='bbox 715 2357 862 2441; x_wconf 86' lang='grc' dir='ltr'><em>ἐμεμήνει</em></span> <span class='ocrx_word' id='word_1_190' title='bbox 884 2368 951 2431; x_wconf 85' lang='grc' dir='ltr'><em>ταίς</em></span> <span class='ocrx_word' id='word_1_191' title='bbox 973 2357 1161 2433; x_wconf 90' lang='grc' dir='ltr'><em>ἀπονοίαις,</em></span> <span class='ocrx_word' id='word_1_192' title='bbox 1184 2357 1219 2430; x_wconf 85' lang='grc' dir='ltr'><em>ὅς</em></span> <span class='ocrx_word' id='word_1_193' title='bbox 1239 2381 1273 2434; x_wconf 89' lang='grc' dir='ltr'><em>γε</em></span> <span class='ocrx_word' id='word_1_194' title='bbox 1296 2362 1349 2419; x_wconf 80' lang='grc' dir='ltr'><em>καὶ</em></span> <span class='ocrx_word' id='word_1_195' title='bbox 1370 2361 1424 2441; x_wconf 81' lang='grc' dir='ltr'><em>τήν</em></span> <span class='ocrx_word' id='word_1_196' title='bbox 1447 2361 1634 2446; x_wconf 88' lang='grc' dir='ltr'><em>οίκουμένην</em></span> <span class='ocrx_word' id='word_1_197' title='bbox 1654 2363 1714 2438; x_wconf 80' lang='grc' dir='ltr'><em>μὲν</em></span> <span class='ocrx_word' id='word_1_198' title='bbox 1736 2362 1847 2422; x_wconf 86' lang='grc' dir='ltr'><em>πᾶσαν</em></span> <span class='ocrx_word' id='word_1_199' title='bbox 1869 2360 1912 2433; x_wconf 87' lang='grc' dir='ltr'><em>ῶς</em></span> 
     </span>
     <span class='ocr_line' id='line_1_19' title="bbox 325 2460 1909 2550; baseline -0.001 -23"><span class='ocrx_word' id='word_1_200' title='bbox 325 2467 458 2529; x_wconf 88' lang='grc' dir='ltr'><em>νοοσιάν</em></span> <span class='ocrx_word' id='word_1_201' title='bbox 479 2464 667 2546; x_wconf 74' lang='grc' dir='ltr'><em>ἐφρυάττετο</em></span> <span class='ocrx_word' id='word_1_202' title='bbox 689 2466 725 2550; x_wconf 80' lang='grc' dir='ltr'><em>τή</em></span> <span class='ocrx_word' id='word_1_203' title='bbox 746 2465 825 2542; x_wconf 81' lang='grc' dir='ltr'><em>χειρὶ</em></span> <span class='ocrx_word' id='word_1_204' title='bbox 847 2460 1126 2543; x_wconf 82' lang='grc' dir='ltr'><em>καταλήψεσθαι*,</em></span> <span class='ocrx_word' id='word_1_205' title='bbox 1158 2460 1348 2543; x_wconf 82' lang='grc' dir='ltr'><em>έφαντάζετο</em></span> <span class='ocrx_word' id='word_1_206' title='bbox 1372 2461 1407 2525; x_wconf 79' lang='grc' dir='ltr'><em>δὲ</em></span> <span class='ocrx_word' id='word_1_207' title='bbox 1430 2467 1483 2524; x_wconf 79' lang='grc' dir='ltr'><em>καὶ</em></span> <span class='ocrx_word' id='word_1_208' title='bbox 1504 2467 1560 2546; x_wconf 88' lang='grc' dir='ltr'><em>τήν</em></span> <span class='ocrx_word' id='word_1_209' title='bbox 1582 2463 1660 2547; x_wconf 78' lang='grc' dir='ltr'><em>Ιύπέρ</em></span> <span class='ocrx_word' id='word_1_210' title='bbox 1684 2470 1746 2529; x_wconf 91' lang='grc' dir='ltr'><em>τῶν</em></span> <span class='ocrx_word' id='word_1_211' title='bbox 1769 2467 1909 2547; x_wconf 72' lang='grc' dir='ltr'><em>ἄστρων*</em></span> 
     </span>
     <span class='ocr_line' id='line_1_20' title="bbox 325 2562 1911 2648; baseline 0 -18"><span class='ocrx_word' id='word_1_212' title='bbox 325 2567 507 2648; x_wconf 88' lang='grc' dir='ltr'><em>καθέδραν,</em></span> <span class='ocrx_word' id='word_1_213' title='bbox 530 2563 573 2638; x_wconf 89' lang='grc' dir='ltr'><em>ῶς</em></span> <span class='ocrx_word' id='word_1_214' title='bbox 594 2569 646 2648; x_wconf 79' lang='grc' dir='ltr'><em>τῆς</em></span> <span class='ocrx_word' id='word_1_215' title='bbox 667 2569 723 2646; x_wconf 82' lang='grc' dir='ltr'><em>γής</em></span> <span class='ocrx_word' id='word_1_216' title='bbox 745 2563 842 2631; x_wconf 85' lang='grc' dir='ltr'><em>αύτδν</em></span> <span class='ocrx_word' id='word_1_217' title='bbox 862 2562 919 2627; x_wconf 84' lang='grc' dir='ltr'><em>οάκ</em></span> <span class='ocrx_word' id='word_1_218' title='bbox 942 2564 985 2626; x_wconf 82' lang='grc' dir='ltr'><em>ἔτι</em></span> <span class='ocrx_word' id='word_1_219' title='bbox 1004 2563 1164 2646; x_wconf 79' lang='grc' dir='ltr'><em>χωρούσης</em></span> <span class='ocrx_word' id='word_1_220' title='bbox 1176 2564 1230 2626; x_wconf 86' lang='grc' dir='ltr'><em>διά</em></span> <span class='ocrx_word' id='word_1_221' title='bbox 1247 2566 1280 2626; x_wconf 84' lang='grc' dir='ltr'><em>τὸ</em></span> <span class='ocrx_word' id='word_1_222' title='bbox 1295 2567 1348 2648; x_wconf 87' lang='grc' dir='ltr'><em>τής</em></span> <span class='ocrx_word' id='word_1_223' title='bbox 1359 2564 1501 2645; x_wconf 81' lang='grc' dir='ltr'><em>εὐτυχίας</em></span> <span class='ocrx_word' id='word_1_224' title='bbox 1515 2570 1663 2645; x_wconf 85' lang='grc' dir='ltr'><em>μέγεθος,</em></span> <span class='ocrx_word' id='word_1_225' title='bbox 1687 2573 1740 2630; x_wconf 78' lang='grc' dir='ltr'><em>καὶ</em></span> <span class='ocrx_word' id='word_1_226' title='bbox 1755 2571 1911 2642; x_wconf 78' lang='grc' dir='ltr'><em>καθεκτὸς</em></span> 
     </span>
     <span class='ocr_line' id='line_1_21' title="bbox 326 2666 1909 2758; baseline 0.002 -24"><span class='ocrx_word' id='word_1_227' title='bbox 326 2670 382 2737; x_wconf 80' lang='grc' dir='ltr'><em>οὐκ</em></span> <span class='ocrx_word' id='word_1_228' title='bbox 405 2668 444 2754; x_wconf 88' lang='grc' dir='ltr'><em>ήν</em></span> <span class='ocrx_word' id='word_1_229' title='bbox 466 2669 548 2742; x_wconf 83' lang='grc' dir='ltr'><em>ὅλως</em></span> <span class='ocrx_word' id='word_1_230' title='bbox 569 2671 605 2758; x_wconf 80' lang='grc' dir='ltr'><em>τῇ</em></span> <span class='ocrx_word' id='word_1_231' title='bbox 625 2668 824 2748; x_wconf 83' lang='grc' dir='ltr'><em>μεγαλαυχίᾳ</em></span> <span class='ocrx_word' id='word_1_232' title='bbox 841 2669 845 2753; x_wconf 76' lang='grc' dir='ltr'>Ι</span> <span class='ocrx_word' id='word_1_233' title='bbox 863 2672 916 2729; x_wconf 76' lang='grc' dir='ltr'><em>καὶ</em></span> <span class='ocrx_word' id='word_1_234' title='bbox 938 2670 981 2750; x_wconf 80' lang='grc' dir='ltr'><em>τῶ</em></span> <span class='ocrx_word' id='word_1_235' title='bbox 1003 2667 1192 2749; x_wconf 76' lang='grc' dir='ltr'><em>φρονήματι.</em></span> <span class='ocrx_word' id='word_1_236' title='bbox 1284 2666 1412 2732; x_wconf 65' lang='grc' dir='ltr'><em>624τίούν</em></span> <span class='ocrx_word' id='word_1_237' title='bbox 1428 2671 1508 2751; x_wconf 83' lang='grc' dir='ltr'><em>πρός</em></span> <span class='ocrx_word' id='word_1_238' title='bbox 1523 2674 1618 2735; x_wconf 82' lang='grc' dir='ltr'><em>ταῦτα</em></span> <span class='ocrx_word' id='word_1_239' title='bbox 1635 2670 1765 2753; x_wconf 84' lang='grc' dir='ltr'><em>δβλασ-</em></span> <span class='ocrx_word' id='word_1_240' title='bbox 1830 2673 1909 2737; x_wconf 73' lang='lat'>‘260²</span> 
     </span>
     <span class='ocr_line' id='line_1_22' title="bbox 326 2770 1909 2858; baseline 0.001 -22"><span class='ocrx_word' id='word_1_241' title='bbox 326 2776 545 2858; x_wconf 72' lang='grc' dir='ltr'><em>φημούμενοςς</em></span> <span class='ocrx_word' id='word_1_242' title='bbox 569 2771 663 2853; x_wconf 76' lang='grc' dir='ltr'><em>ἀφεὶς</em></span> <span class='ocrx_word' id='word_1_243' title='bbox 685 2770 763 2855; x_wconf 89' lang='grc' dir='ltr'><em>όλην</em></span> <span class='ocrx_word' id='word_1_244' title='bbox 785 2777 911 2855; x_wconf 87' lang='grc' dir='ltr'><em>πρῶτον</em></span> <span class='ocrx_word' id='word_1_245' title='bbox 934 2771 1069 2833; x_wconf 88' lang='grc' dir='ltr'><em>κενῶσαι</em></span> <span class='ocrx_word' id='word_1_246' title='bbox 1091 2770 1145 2832; x_wconf 89' lang='grc' dir='ltr'><em>τδν</em></span> <span class='ocrx_word' id='word_1_247' title='bbox 1166 2770 1308 2844; x_wconf 81' lang='grc' dir='ltr'><em>ἀλαζόνα</em></span> <span class='ocrx_word' id='word_1_248' title='bbox 1332 2776 1386 2853; x_wconf 80' lang='grc' dir='ltr'><em>τήν</em></span> <span class='ocrx_word' id='word_1_249' title='bbox 1407 2772 1498 2852; x_wconf 87' lang='grc' dir='ltr'><em>ύβριν</em></span> <span class='ocrx_word' id='word_1_250' title='bbox 1513 2773 1618 2856; x_wconf 88' lang='grc' dir='ltr'><em>ῶσπερ</em></span> <span class='ocrx_word' id='word_1_251' title='bbox 1641 2776 1719 2857; x_wconf 89' lang='grc' dir='ltr'><em>ὅφιν</em></span> <span class='ocrx_word' id='word_1_252' title='bbox 1741 2775 1805 2846; x_wconf 86' lang='grc' dir='ltr'><em>ίόν,</em></span> <span class='ocrx_word' id='word_1_253' title='bbox 1828 2774 1909 2837; x_wconf 89' lang='grc' dir='ltr'><em>ούτω</em></span> 
     </span>
     <span class='ocr_line' id='line_1_23' title="bbox 325 2870 1911 2960; baseline -0.001 -20"><span class='ocrx_word' id='word_1_254' title='bbox 325 2875 442 2959; x_wconf 77' lang='grc' dir='ltr'><em>θραύει</em></span> <span class='ocrx_word' id='word_1_255' title='bbox 464 2878 519 2958; x_wconf 80' lang='grc' dir='ltr'><em>τήν</em></span> <span class='ocrx_word' id='word_1_256' title='bbox 540 2877 698 2959; x_wconf 88' lang='grc' dir='ltr'><em>πονηρίαν</em></span> <span class='ocrx_word' id='word_1_257' title='bbox 720 2879 774 2935; x_wconf 72' lang='grc' dir='ltr'><em>καί</em></span> <span class='ocrx_word' id='word_1_258' title='bbox 796 2873 922 2939; x_wconf 89' lang='grc' dir='ltr'><em>διαλύει</em></span> <span class='ocrx_word' id='word_1_259' title='bbox 944 2870 1000 2936; x_wconf 88' lang='grc' dir='ltr'><em>τόν</em></span> <span class='ocrx_word' id='word_1_260' title='bbox 1018 2876 1133 2956; x_wconf 90' lang='grc' dir='ltr'><em>φόβον,</em></span> <span class='ocrx_word' id='word_1_261' title='bbox 1157 2878 1291 2955; x_wconf 77' lang='grc' dir='ltr'><em>τὸνμὲν</em></span> <span class='ocrx_word' id='word_1_262' title='bbox 1313 2873 1422 2948; x_wconf 80' lang='grc' dir='ltr'><em>αύταίς</em></span> <span class='ocrx_word' id='word_1_263' title='bbox 1444 2875 1592 2951; x_wconf 78' lang='grc' dir='ltr'><em>ἀπειλαῖς</em></span> <span class='ocrx_word' id='word_1_264' title='bbox 1615 2882 1668 2940; x_wconf 75' lang='grc' dir='ltr'><em>καὶ</em></span> <span class='ocrx_word' id='word_1_265' title='bbox 1689 2879 1911 2960; x_wconf 85' lang='grc' dir='ltr'><em>στρατοπέδοις</em></span> 
     </span>
     <span class='ocr_line' id='line_1_24' title="bbox 323 2976 1910 3066; baseline 0 -22"><span class='ocrx_word' id='word_1_266' title='bbox 323 2979 369 3054; x_wconf 85' lang='grc' dir='ltr'><em>οίς</em></span> <span class='ocrx_word' id='word_1_267' title='bbox 390 2980 560 3042; x_wconf 83' lang='grc' dir='ltr'><em>ἐπεποίθει</em></span> <span class='ocrx_word' id='word_1_268' title='bbox 583 2979 759 3061; x_wconf 81' lang='grc' dir='ltr'><em>συντρίψας</em></span> <span class='ocrx_word' id='word_1_269' title='bbox 780 2982 834 3038; x_wconf 80' lang='grc' dir='ltr'><em>καὶ</em></span> <span class='ocrx_word' id='word_1_270' title='bbox 856 2976 1030 3060; x_wconf 89' lang='grc' dir='ltr'><em>ἀφανίσας,</em></span> <span class='ocrx_word' id='word_1_271' title='bbox 1053 2979 1107 3060; x_wconf 83' lang='grc' dir='ltr'><em>τήν</em></span> <span class='ocrx_word' id='word_1_272' title='bbox 1129 2978 1250 3039; x_wconf 83' lang='grc' dir='ltr'><em>οίκείαν</em></span> <span class='ocrx_word' id='word_1_273' title='bbox 1272 2978 1308 3040; x_wconf 80' lang='grc' dir='ltr'><em>δέ</em></span> <span class='ocrx_word' id='word_1_274' title='bbox 1333 2978 1428 3042; x_wconf 87' lang='grc' dir='ltr'><em>πόλιν</em></span> <span class='ocrx_word' id='word_1_275' title='bbox 1450 2979 1569 3064; x_wconf 82' lang='grc' dir='ltr'><em>ἀπαθῆ</em></span> <span class='ocrx_word' id='word_1_276' title='bbox 1592 2987 1700 3043; x_wconf 86' lang='grc' dir='ltr'><em>κακῶν</em></span> <span class='ocrx_word' id='word_1_277' title='bbox 1723 2983 1910 3066; x_wconf 77' lang='grc' dir='ltr'><em>περιστήσας.</em></span> 
     </span>
     <span class='ocr_line' id='line_1_25' title="bbox 325 3077 1909 3171; baseline 0.003 -26"><span class='ocrx_word' id='word_1_278' title='bbox 325 3087 379 3145; x_wconf 79' lang='grc' dir='ltr'><em>καὶ</em></span> <span class='ocrx_word' id='word_1_279' title='bbox 402 3085 498 3146; x_wconf 78' lang='grc' dir='ltr'><em>ταῦτα</em></span> <span class='ocrx_word' id='word_1_280' title='bbox 520 3081 575 3144; x_wconf 83' lang='grc' dir='ltr'><em>διά</em></span> <span class='ocrx_word' id='word_1_281' title='bbox 600 3081 702 3142; x_wconf 92' lang='grc' dir='ltr'><em>πόσου</em></span> <span class='ocrx_word' id='word_1_282' title='bbox 724 3083 778 3140; x_wconf 80' lang='grc' dir='ltr'><em>καὶ</em></span> <span class='ocrx_word' id='word_1_283' title='bbox 800 3085 868 3152; x_wconf 90' lang='grc' dir='ltr'><em>πῶς</em></span> <span class='ocrx_word' id='word_1_284' title='bbox 876 3108 888 3157; x_wconf 91' lang='grc'><em>,·</em></span> <span class='ocrx_word' id='word_1_285' title='bbox 909 3077 978 3153; x_wconf 79' lang='grc' dir='ltr'><em>ἑνός</em></span> <span class='ocrx_word' id='word_1_286' title='bbox 1001 3077 1137 3158; x_wconf 87' lang='grc' dir='ltr'><em>ἀγγέλου</em></span> <span class='ocrx_word' id='word_1_287' title='bbox 1159 3080 1263 3170; x_wconf 79' lang='grc' dir='ltr'><em>πληγῇ</em></span> <span class='ocrx_word' id='word_1_288' title='bbox 1284 3088 1338 3143; x_wconf 72' lang='grc' dir='ltr'><em>καί</em></span> <span class='ocrx_word' id='word_1_289' title='bbox 1352 3085 1462 3156; x_wconf 88' lang='grc' dir='ltr'><em>νυκτὸς</em></span> <span class='ocrx_word' id='word_1_290' title='bbox 1476 3088 1555 3164; x_wconf 85' lang='grc' dir='ltr'><em>μιάς</em></span> <span class='ocrx_word' id='word_1_291' title='bbox 1568 3087 1694 3171; x_wconf 80' lang='grc' dir='ltr'><em>χρόνῳ·</em></span> <span class='ocrx_word' id='word_1_292' title='bbox 1718 3087 1754 3147; x_wconf 80' lang='grc' dir='ltr'><em>ἐν</em></span> <span class='ocrx_word' id='word_1_293' title='bbox 1773 3089 1909 3168; x_wconf 84' lang='grc' dir='ltr'><em>τοσούτῳ</em></span> 
     </span>
     <span class='ocr_line' id='line_1_26' title="bbox 309 3182 1911 3271; baseline 0.002 -24"><span class='ocrx_word' id='word_1_294' title='bbox 309 3188 386 3268; x_wconf 88' lang='grc' dir='ltr'><em>γάρ</em></span> <span class='ocrx_word' id='word_1_295' title='bbox 410 3189 464 3247; x_wconf 80' lang='grc' dir='ltr'><em>καὶ</em></span> <span class='ocrx_word' id='word_1_296' title='bbox 485 3186 540 3268; x_wconf 83' lang='grc' dir='ltr'><em>τήν</em></span> <span class='ocrx_word' id='word_1_297' title='bbox 570 3184 743 3247; x_wconf 87' lang='grc' dir='ltr'><em>θάλασσαν</em></span> <span class='ocrx_word' id='word_1_298' title='bbox 768 3183 904 3268; x_wconf 79' lang='grc' dir='ltr'><em>ἐξήρανε</em></span> <span class='ocrx_word' id='word_1_299' title='bbox 934 3182 1087 3268; x_wconf 85' lang='grc' dir='ltr'><em>πρότερον</em></span> <span class='ocrx_word' id='word_1_300' title='bbox 1121 3185 1167 3258; x_wconf 88' lang='grc' dir='ltr'><em>είς</em></span> <span class='ocrx_word' id='word_1_301' title='bbox 1194 3183 1339 3266; x_wconf 86' lang='grc' dir='ltr'><em>εύσεβούς</em></span> <span class='ocrx_word' id='word_1_302' title='bbox 1367 3185 1448 3249; x_wconf 73' lang='grc' dir='ltr'><em>λαοί</em></span> <span class='ocrx_word' id='word_1_303' title='bbox 1475 3192 1630 3271; x_wconf 87' lang='grc' dir='ltr'><em>σωτηρίαν</em></span> <span class='ocrx_word' id='word_1_304' title='bbox 1663 3192 1717 3251; x_wconf 78' lang='grc' dir='ltr'><em>καὶ</em></span> <span class='ocrx_word' id='word_1_305' title='bbox 1744 3190 1807 3251; x_wconf 88' lang='grc' dir='ltr'><em>τῶν</em></span> <span class='ocrx_word' id='word_1_306' title='bbox 1834 3187 1911 3251; x_wconf 87' lang='grc' dir='ltr'><em>α’σε-</em></span> 
     </span>
     <span class='ocr_line' id='line_1_27' title="bbox 323 3287 660 3368; baseline -0.006 -16"><span class='ocrx_word' id='word_1_307' title='bbox 323 3290 463 3368; x_wconf 90' lang='grc' dir='ltr'><em>βούντων</em></span> <span class='ocrx_word' id='word_1_308' title='bbox 482 3287 660 3351; x_wconf 82' lang='grc' dir='ltr'><em>ἀποίλειαν.</em></span> 
     </span>
    </p>

    <p class='ocr_par' dir='ltr' id='par_1_4' title="bbox 320 3389 1915 4804">
     <span class='ocr_line' id='line_1_28' title="bbox 413 3389 1911 3476; baseline 0.001 -21"><span class='ocrx_word' id='word_1_309' title='bbox 413 3393 439 3430; x_wconf 74' lang='lat'><em>&#39;²⁵</em></span> <span class='ocrx_word' id='word_1_310' title='bbox 452 3398 593 3455; x_wconf 79' lang='grc' dir='ltr'><em>Τοιαῦτα</em></span> <span class='ocrx_word' id='word_1_311' title='bbox 621 3395 681 3472; x_wconf 73' lang='grc' dir='ltr'><em>μὲν</em></span> <span class='ocrx_word' id='word_1_312' title='bbox 711 3391 728 3454; x_wconf 85' lang='grc' dir='ltr'><em>ό</em></span> <span class='ocrx_word' id='word_1_313' title='bbox 754 3389 922 3473; x_wconf 70' lang='grc' dir='ltr'><em>Ἀσσύριος·</em></span> <span class='ocrx_word' id='word_1_314' title='bbox 958 3389 975 3454; x_wconf 90' lang='grc' dir='ltr'><em>δ</em></span> <span class='ocrx_word' id='word_1_315' title='bbox 999 3391 1165 3454; x_wconf 87' lang='grc' dir='ltr'><em>Μακεδῶν</em></span> <span class='ocrx_word' id='word_1_316' title='bbox 1194 3392 1230 3454; x_wconf 81' lang='grc' dir='ltr'><em>δὲ</em></span> <span class='ocrx_word' id='word_1_317' title='bbox 1259 3391 1375 3470; x_wconf 78' lang='grc' dir='ltr'><em>δποτας</em></span> <span class='ocrx_word' id='word_1_318' title='bbox 1408 3397 1463 3454; x_wconf 78' lang='grc' dir='ltr'><em>καί</em></span> <span class='ocrx_word' id='word_1_319' title='bbox 1488 3397 1557 3457; x_wconf 88' lang='grc' dir='ltr'><em>τίνα</em></span> <span class='ocrx_word' id='word_1_320' title='bbox 1587 3399 1624 3456; x_wconf 85' lang='grc' dir='ltr'><em>τά</em></span> <span class='ocrx_word' id='word_1_321' title='bbox 1654 3399 1733 3458; x_wconf 80' lang='grc' dir='ltr'><em>κατὰ</em></span> <span class='ocrx_word' id='word_1_322' title='bbox 1763 3394 1911 3476; x_wconf 92' lang='grc' dir='ltr'><em>πάροδον</em></span> 
     </span>
     <span class='ocr_line' id='line_1_29' title="bbox 326 3485 1911 3581; baseline 0.003 -24"><span class='ocrx_word' id='word_1_323' title='bbox 326 3497 422 3561; x_wconf 81' lang='grc' dir='ltr'><em>αάτού</em></span> <span class='ocrx_word' id='word_1_324' title='bbox 443 3499 681 3581; x_wconf 86' lang='grc' dir='ltr'><em>στρατηγήματα</em></span> <span class='ocrx_word' id='word_1_325' title='bbox 687 3523 699 3574; x_wconf 88' lang='grc'><em>,·</em></span> <span class='ocrx_word' id='word_1_326' title='bbox 722 3495 830 3568; x_wconf 73' lang='grc' dir='ltr'><em>πόλεις</em></span> <span class='ocrx_word' id='word_1_327' title='bbox 850 3498 910 3574; x_wconf 77' lang='grc' dir='ltr'><em>μὲν</em></span> <span class='ocrx_word' id='word_1_328' title='bbox 932 3494 1152 3578; x_wconf 84' lang='grc' dir='ltr'><em>διηρπάζοντο,</em></span> <span class='ocrx_word' id='word_1_329' title='bbox 1176 3499 1280 3574; x_wconf 92' lang='grc' dir='ltr'><em>κῶμαι</em></span> <span class='ocrx_word' id='word_1_330' title='bbox 1295 3497 1331 3558; x_wconf 83' lang='grc' dir='ltr'><em>δέ</em></span> <span class='ocrx_word' id='word_1_331' title='bbox 1347 3499 1600 3579; x_wconf 82' lang='grc' dir='ltr'><em>κατεστρέφοντο,</em></span> <span class='ocrx_word' id='word_1_332' title='bbox 1623 3497 1715 3581; x_wconf 79' lang='grc' dir='ltr'><em>ἀγροὶ</em></span> <span class='ocrx_word' id='word_1_333' title='bbox 1737 3503 1791 3561; x_wconf 77' lang='grc' dir='ltr'><em>καὶ</em></span> <span class='ocrx_word' id='word_1_334' title='bbox 1811 3485 1911 3561; x_wconf 83' lang='grc' dir='ltr'><em>οίκίαι</em></span> 
     </span>
     <span class='ocr_line' id='line_1_30' title="bbox 326 3596 1910 3685; baseline 0.003 -25"><span class='ocrx_word' id='word_1_335' title='bbox 326 3602 404 3663; x_wconf 80' lang='grc' dir='ltr'><em>κατὰ</em></span> <span class='ocrx_word' id='word_1_336' title='bbox 428 3598 543 3681; x_wconf 88' lang='grc' dir='ltr'><em>κράτος</em></span> <span class='ocrx_word' id='word_1_337' title='bbox 564 3599 808 3681; x_wconf 81' lang='grc' dir='ltr'><em>ἐξεπορθοῦντο,</em></span> <span class='ocrx_word' id='word_1_338' title='bbox 832 3596 862 3661; x_wconf 75' lang='grc' dir='ltr'><em>οἱ</em></span> <span class='ocrx_word' id='word_1_339' title='bbox 885 3597 1034 3661; x_wconf 89' lang='grc' dir='ltr'><em>δεσπόται</em></span> <span class='ocrx_word' id='word_1_340' title='bbox 1057 3607 1119 3672; x_wconf 78' lang='grc' dir='ltr'><em>τοῖς</em></span> <span class='ocrx_word' id='word_1_341' title='bbox 1142 3598 1269 3673; x_wconf 87' lang='grc' dir='ltr'><em>δούλοις</em></span> <span class='ocrx_word' id='word_1_342' title='bbox 1291 3598 1413 3663; x_wconf 79' lang='grc' dir='ltr'><em>ἑαυτῶν</em></span> <span class='ocrx_word' id='word_1_343' title='bbox 1431 3601 1649 3684; x_wconf 90' lang='grc' dir='ltr'><em>συναπήγοντο</em></span> <span class='ocrx_word' id='word_1_344' title='bbox 1672 3603 1785 3664; x_wconf 81' lang='grc' dir='ltr'><em>καὶτὰ</em></span> <span class='ocrx_word' id='word_1_345' title='bbox 1810 3620 1910 3685; x_wconf 90' lang='grc' dir='ltr'><em>προσ-</em></span> 
     </span>
     <span class='ocr_line' id='line_1_31' title="bbox 326 3701 1910 3789; baseline 0 -24"><span class='ocrx_word' id='word_1_346' title='bbox 326 3704 401 3766; x_wconf 90' lang='grc' dir='ltr'><em>όντα</em></span> <span class='ocrx_word' id='word_1_347' title='bbox 424 3706 550 3782; x_wconf 89' lang='grc' dir='ltr'><em>πρῶτον</em></span> <span class='ocrx_word' id='word_1_348' title='bbox 571 3701 782 3789; x_wconf 83' lang='grc' dir='ltr'><em>ἀφηρημένοι,</em></span> <span class='ocrx_word' id='word_1_349' title='bbox 814 3706 926 3782; x_wconf 81' lang='grc' dir='ltr'><em>γυμνοὶ</em></span> <span class='ocrx_word' id='word_1_350' title='bbox 948 3707 1002 3763; x_wconf 81' lang='grc' dir='ltr'><em>καί</em></span> <span class='ocrx_word' id='word_1_351' title='bbox 1023 3702 1224 3783; x_wconf 88' lang='grc' dir='ltr'><em>λιμῶττοντες</em></span> <span class='ocrx_word' id='word_1_352' title='bbox 1246 3701 1441 3766; x_wconf 82' lang='grc' dir='ltr'><em>ἀκολουθείν</em></span> <span class='ocrx_word' id='word_1_353' title='bbox 1462 3703 1686 3788; x_wconf 77' lang='grc' dir='ltr'><em>η’ναγκάζοντο,</em></span> <span class='ocrx_word' id='word_1_354' title='bbox 1716 3704 1834 3781; x_wconf 91' lang='grc' dir='ltr'><em>γύναια</em></span> <span class='ocrx_word' id='word_1_355' title='bbox 1856 3711 1910 3766; x_wconf 80' lang='grc' dir='ltr'><em>καί</em></span> 
     </span>
     <span class='ocr_line' id='line_1_32' title="bbox 326 3803 1912 3894; baseline 0 -25"><span class='ocrx_word' id='word_1_356' title='bbox 326 3806 489 3886; x_wconf 87' lang='grc' dir='ltr'><em>παιδάρια</em></span> <span class='ocrx_word' id='word_1_357' title='bbox 511 3808 565 3867; x_wconf 74' lang='grc' dir='ltr'><em>καί</em></span> <span class='ocrx_word' id='word_1_358' title='bbox 586 3808 655 3866; x_wconf 89' lang='grc' dir='ltr'><em>πάν</em></span> <span class='ocrx_word' id='word_1_359' title='bbox 677 3804 754 3869; x_wconf 85' lang='grc' dir='ltr'><em>ὅσον</em></span> <span class='ocrx_word' id='word_1_360' title='bbox 776 3806 930 3888; x_wconf 81' lang='grc' dir='ltr'><em>ἄχρηστον</em></span> <span class='ocrx_word' id='word_1_361' title='bbox 950 3804 995 3879; x_wconf 83' lang='grc' dir='ltr'><em>είς</em></span> <span class='ocrx_word' id='word_1_362' title='bbox 1016 3806 1093 3887; x_wconf 84' lang='grc' dir='ltr'><em>ἔργα</em></span> <span class='ocrx_word' id='word_1_363' title='bbox 1116 3803 1274 3886; x_wconf 86' lang='grc' dir='ltr'><em>πολέμου,</em></span> <span class='ocrx_word' id='word_1_364' title='bbox 1306 3810 1340 3894; x_wconf 84' lang='grc' dir='ltr'><em>τῇ</em></span> <span class='ocrx_word' id='word_1_365' title='bbox 1369 3809 1433 3870; x_wconf 88' lang='grc' dir='ltr'><em>τῶν</em></span> <span class='ocrx_word' id='word_1_366' title='bbox 1463 3807 1649 3885; x_wconf 89' lang='grc' dir='ltr'><em>ἀναγκαίων</em></span> <span class='ocrx_word' id='word_1_367' title='bbox 1670 3804 1778 3886; x_wconf 81' lang='grc' dir='ltr'><em>ἐνδείᾳ</em></span> <span class='ocrx_word' id='word_1_368' title='bbox 1800 3807 1912 3870; x_wconf 85' lang='grc' dir='ltr'><em>δαπα-</em></span> 
     </span>
     <span class='ocr_line' id='line_1_33' title="bbox 325 3907 1909 3994; baseline 0.004 -22"><span class='ocrx_word' id='word_1_369' title='bbox 325 3912 451 3972; x_wconf 84' lang='grc' dir='ltr'><em>νᾶσθαι</em></span> <span class='ocrx_word' id='word_1_370' title='bbox 473 3907 755 3987; x_wconf 83' lang='grc' dir='ltr'><em>κατελιμπόνοντο.</em></span> <span class='ocrx_word' id='word_1_371' title='bbox 778 3909 867 3973; x_wconf 80' lang='grc' dir='ltr'><em>ούπω</em></span> <span class='ocrx_word' id='word_1_372' title='bbox 890 3907 970 3984; x_wconf 90' lang='grc' dir='ltr'><em>λέγω</em></span> <span class='ocrx_word' id='word_1_373' title='bbox 993 3910 1172 3989; x_wconf 89' lang='grc' dir='ltr'><em>παρθένων</em></span> <span class='ocrx_word' id='word_1_374' title='bbox 1196 3909 1200 3994; x_wconf 64' lang='lat' dir='ltr'>y</span> <span class='ocrx_word' id='word_1_375' title='bbox 1223 3908 1404 3991; x_wconf 88' lang='grc' dir='ltr'><em>ἀνεπάφων</em></span> <span class='ocrx_word' id='word_1_376' title='bbox 1425 3908 1508 3971; x_wconf 87' lang='grc' dir='ltr'><em>αίδῶ</em></span> <span class='ocrx_word' id='word_1_377' title='bbox 1530 3916 1767 3989; x_wconf 78' lang='grc' dir='ltr'><em>καὶγυναικῶν</em></span> <span class='ocrx_word' id='word_1_378' title='bbox 1831 3914 1909 3978; x_wconf 84' lang='lat'>261¹</span> 
     </span>
     <span class='ocr_line' id='line_1_34' title="bbox 325 4009 1910 4099; baseline 0.001 -23"><span class='ocrx_word' id='word_1_379' title='bbox 325 4017 449 4095; x_wconf 88' lang='grc' dir='ltr'><em>σεμνῶν</em></span> <span class='ocrx_word' id='word_1_380' title='bbox 471 4009 680 4096; x_wconf 86' lang='grc' dir='ltr'><em>σωφροσύνην</em></span> <span class='ocrx_word' id='word_1_381' title='bbox 703 4009 822 4095; x_wconf 86' lang='grc' dir='ltr'><em>ἀνέδην</em></span> <span class='ocrx_word' id='word_1_382' title='bbox 843 4013 1109 4099; x_wconf 88' lang='grc' dir='ltr'><em>κατησχυμμένην,</em></span> <span class='ocrx_word' id='word_1_383' title='bbox 1133 4009 1203 4075; x_wconf 78' lang='grc' dir='ltr'><em>οὐδ’</em></span> <span class='ocrx_word' id='word_1_384' title='bbox 1225 4010 1294 4095; x_wconf 70' lang='grc' dir='ltr'><em>ἱερά</em></span> <span class='ocrx_word' id='word_1_385' title='bbox 1315 4015 1427 4096; x_wconf 90' lang='grc' dir='ltr'><em>τεμένη</em></span> <span class='ocrx_word' id='word_1_386' title='bbox 1449 4016 1503 4074; x_wconf 77' lang='grc' dir='ltr'><em>καὶ</em></span> <span class='ocrx_word' id='word_1_387' title='bbox 1518 4012 1595 4088; x_wconf 80' lang='grc' dir='ltr'><em>ἅγια</em></span> <span class='ocrx_word' id='word_1_388' title='bbox 1610 4012 1758 4097; x_wconf 87' lang='grc' dir='ltr'><em>βεβήλοις</em></span> <span class='ocrx_word' id='word_1_389' title='bbox 1772 4038 1910 4098; x_wconf 89' lang='grc' dir='ltr'><em>κεχραμ-</em></span> 
     </span>
     <span class='ocr_line' id='line_1_35' title="bbox 323 4112 1908 4203; baseline 0.001 -23"><span class='ocrx_word' id='word_1_390' title='bbox 323 4121 406 4200; x_wconf 85' lang='grc' dir='ltr'><em>μένα</em></span> <span class='ocrx_word' id='word_1_391' title='bbox 437 4121 510 4180; x_wconf 76' lang='grc' dir='ltr'><em>ποσὶ</em></span> <span class='ocrx_word' id='word_1_392' title='bbox 539 4119 593 4176; x_wconf 81' lang='grc' dir='ltr'><em>καί</em></span> <span class='ocrx_word' id='word_1_393' title='bbox 621 4119 726 4197; x_wconf 76' lang='grc' dir='ltr'><em>χερσῖν</em></span> <span class='ocrx_word' id='word_1_394' title='bbox 756 4114 882 4193; x_wconf 84' lang='grc' dir='ltr'><em>ἐναγέσι</em></span> <span class='ocrx_word' id='word_1_395' title='bbox 911 4118 966 4176; x_wconf 77' lang='grc' dir='ltr'><em>καί</em></span> <span class='ocrx_word' id='word_1_396' title='bbox 995 4112 1140 4188; x_wconf 86' lang='grc' dir='ltr'><em>ἀνίπτοις</em></span> <span class='ocrx_word' id='word_1_397' title='bbox 1167 4117 1427 4198; x_wconf 89' lang='grc' dir='ltr'><em>καθυβρισμένα·</em></span> <span class='ocrx_word' id='word_1_398' title='bbox 1457 4121 1578 4198; x_wconf 87' lang='grc' dir='ltr'><em>σιωπής</em></span> <span class='ocrx_word' id='word_1_399' title='bbox 1599 4117 1679 4201; x_wconf 92' lang='grc' dir='ltr'><em>γάρ,</em></span> <span class='ocrx_word' id='word_1_400' title='bbox 1711 4117 1753 4182; x_wconf 80' lang='grc' dir='ltr'><em>ου’</em></span> <span class='ocrx_word' id='word_1_401' title='bbox 1772 4118 1908 4203; x_wconf 90' lang='grc' dir='ltr'><em>μνήμης,</em></span> 
     </span>
     <span class='ocr_line' id='line_1_36' title="bbox 324 4217 1915 4303; baseline -0.001 -18"><span class='ocrx_word' id='word_1_402' title='bbox 324 4222 406 4299; x_wconf 79' lang='grc' dir='ltr'><em>ἀξιῶ</em></span> <span class='ocrx_word' id='word_1_403' title='bbox 426 4222 464 4285; x_wconf 82' lang='grc' dir='ltr'><em>τά</em></span> <span class='ocrx_word' id='word_1_404' title='bbox 486 4223 529 4303; x_wconf 82' lang='grc' dir='ltr'><em>μή</em></span> <span class='ocrx_word' id='word_1_405' title='bbox 552 4220 690 4303; x_wconf 77' lang='grc' dir='ltr'><em>εὔφημα.</em></span> <span class='ocrx_word' id='word_1_406' title='bbox 714 4217 804 4281; x_wconf 86' lang='grc' dir='ltr'><em>ούπω</em></span> <span class='ocrx_word' id='word_1_407' title='bbox 827 4217 909 4294; x_wconf 90' lang='grc' dir='ltr'><em>λέγω</em></span> <span class='ocrx_word' id='word_1_408' title='bbox 931 4221 1000 4293; x_wconf 82' lang='grc' dir='ltr'><em>τούς</em></span> <span class='ocrx_word' id='word_1_409' title='bbox 1021 4222 1156 4282; x_wconf 83' lang='grc' dir='ltr'><em>οἴκτιστα</em></span> <span class='ocrx_word' id='word_1_410' title='bbox 1179 4229 1247 4293; x_wconf 72' lang='grc' dir='ltr'><em>ταῖς</em></span> <span class='ocrx_word' id='word_1_411' title='bbox 1267 4218 1423 4297; x_wconf 90' lang='grc' dir='ltr'><em>βασάνοις</em></span> <span class='ocrx_word' id='word_1_412' title='bbox 1436 4218 1668 4300; x_wconf 84' lang='grc' dir='ltr'><em>ἐκδιδομένους,</em></span> <span class='ocrx_word' id='word_1_413' title='bbox 1691 4224 1761 4294; x_wconf 78' lang='grc' dir='ltr'><em>τοὺς</em></span> <span class='ocrx_word' id='word_1_414' title='bbox 1776 4221 1915 4301; x_wconf 85' lang='grc' dir='ltr'><em>δεσμου-</em></span> 
     </span>
     <span class='ocr_line' id='line_1_37' title="bbox 323 4321 1908 4408; baseline -0.001 -19"><span class='ocrx_word' id='word_1_415' title='bbox 323 4329 447 4407; x_wconf 83' lang='grc' dir='ltr'><em>μένους,</em></span> <span class='ocrx_word' id='word_1_416' title='bbox 470 4330 540 4398; x_wconf 74' lang='grc' dir='ltr'><em>τούς</em></span> <span class='ocrx_word' id='word_1_417' title='bbox 562 4323 836 4403; x_wconf 80' lang='grc' dir='ltr'><em>στρεβλουμένους,</em></span> <span class='ocrx_word' id='word_1_418' title='bbox 857 4323 927 4394; x_wconf 84' lang='grc' dir='ltr'><em>τοὺς</em></span> <span class='ocrx_word' id='word_1_419' title='bbox 949 4323 1158 4402; x_wconf 82' lang='grc' dir='ltr'><em>ξαινομένους</em></span> <span class='ocrx_word' id='word_1_420' title='bbox 1179 4332 1247 4397; x_wconf 78' lang='grc' dir='ltr'><em>ταῖς</em></span> <span class='ocrx_word' id='word_1_421' title='bbox 1259 4321 1401 4404; x_wconf 82' lang='grc' dir='ltr'><em>μάστιξι·</em></span> <span class='ocrx_word' id='word_1_422' title='bbox 1426 4327 1480 4384; x_wconf 77' lang='grc' dir='ltr'><em>καὶ</em></span> <span class='ocrx_word' id='word_1_423' title='bbox 1501 4324 1535 4386; x_wconf 86' lang='grc' dir='ltr'><em>τό</em></span> <span class='ocrx_word' id='word_1_424' title='bbox 1557 4324 1696 4408; x_wconf 82' lang='grc' dir='ltr'><em>ἔγκλημα</em></span> <span class='ocrx_word' id='word_1_425' title='bbox 1718 4329 1746 4388; x_wconf 90' lang='grc' dir='ltr'><em>τί</em></span> <span class='ocrx_word' id='word_1_426' title='bbox 1752 4353 1763 4402; x_wconf 87' lang='grc'><em>,·</em></span> <span class='ocrx_word' id='word_1_427' title='bbox 1787 4328 1817 4388; x_wconf 87' lang='grc' dir='ltr'><em>οί</em></span> <span class='ocrx_word' id='word_1_428' title='bbox 1838 4330 1908 4405; x_wconf 85' lang='grc' dir='ltr'><em>μέν,</em></span> 
     </span>
     <span class='ocr_line' id='line_1_38' title="bbox 323 4420 1911 4512; baseline -0.001 -21"><span class='ocrx_word' id='word_1_429' title='bbox 323 4429 369 4492; x_wconf 89' lang='grc' dir='ltr'><em>ότι</em></span> <span class='ocrx_word' id='word_1_430' title='bbox 391 4431 433 4512; x_wconf 84' lang='grc' dir='ltr'><em>μή</em></span> <span class='ocrx_word' id='word_1_431' title='bbox 457 4430 501 4512; x_wconf 81' lang='grc' dir='ltr'>τηῖ</span> <span class='ocrx_word' id='word_1_432' title='bbox 522 4427 666 4511; x_wconf 81' lang='grc' dir='ltr'><em>τυράννῳ</em></span> <span class='ocrx_word' id='word_1_433' title='bbox 694 4421 867 4506; x_wconf 90' lang='grc' dir='ltr'><em>μακρόθεν</em></span> <span class='ocrx_word' id='word_1_434' title='bbox 895 4420 938 4498; x_wconf 88' lang='grc' dir='ltr'><em>ῶς</em></span> <span class='ocrx_word' id='word_1_435' title='bbox 967 4429 1036 4510; x_wconf 76' lang='grc' dir='ltr'><em>θεῷ</em></span> <span class='ocrx_word' id='word_1_436' title='bbox 1067 4425 1306 4511; x_wconf 87' lang='grc' dir='ltr'><em>προσεκύνησαν</em></span> <span class='ocrx_word' id='word_1_437' title='bbox 1333 4424 1414 4511; x_wconf 77' lang='grc' dir='ltr'><em>μηδὲ</em></span> <span class='ocrx_word' id='word_1_438' title='bbox 1442 4437 1567 4510; x_wconf 74' lang='grc' dir='ltr'><em>φωναῖς</em></span> <span class='ocrx_word' id='word_1_439' title='bbox 1597 4428 1747 4504; x_wconf 70' lang='grc' dir='ltr'><em>ἐξαισίοις</em></span> <span class='ocrx_word' id='word_1_440' title='bbox 1774 4428 1911 4508; x_wconf 85' lang='grc' dir='ltr'><em>βασιλέα</em></span> 
     </span>
     <span class='ocr_line' id='line_1_39' title="bbox 324 4528 1910 4616; baseline -0.001 -20"><span class='ocrx_word' id='word_1_441' title='bbox 324 4543 509 4616; x_wconf 71' lang='grc' dir='ltr'><em>προσεῖπον,</em></span> <span class='ocrx_word' id='word_1_442' title='bbox 532 4529 564 4592; x_wconf 74' lang='grc' dir='ltr'><em>ολ</em></span> <span class='ocrx_word' id='word_1_443' title='bbox 585 4530 621 4592; x_wconf 83' lang='grc' dir='ltr'><em>δέ</em></span> <span class='ocrx_word' id='word_1_444' title='bbox 644 4531 715 4604; x_wconf 89' lang='grc' dir='ltr'><em>τούς</em></span> <span class='ocrx_word' id='word_1_445' title='bbox 737 4528 838 4601; x_wconf 89' lang='grc' dir='ltr'><em>ίδίους</em></span> <span class='ocrx_word' id='word_1_446' title='bbox 860 4530 1044 4612; x_wconf 84' lang='grc' dir='ltr'><em>θησαυρούς</em></span> <span class='ocrx_word' id='word_1_447' title='bbox 1066 4528 1296 4609; x_wconf 87' lang='grc' dir='ltr'><em>ἀπαιτούμενοι</em></span> <span class='ocrx_word' id='word_1_448' title='bbox 1327 4567 1368 4580; x_wconf 88' lang='grc'><strong>-</strong></span> <span class='ocrx_word' id='word_1_449' title='bbox 1397 4531 1462 4615; x_wconf 85' lang='grc' dir='ltr'><em>ήτοι</em></span> <span class='ocrx_word' id='word_1_450' title='bbox 1487 4532 1556 4604; x_wconf 80' lang='grc' dir='ltr'><em>τοὺς</em></span> <span class='ocrx_word' id='word_1_451' title='bbox 1579 4531 1671 4605; x_wconf 85' lang='grc' dir='ltr'><em>ὄντας</em></span> <span class='ocrx_word' id='word_1_452' title='bbox 1695 4534 1713 4615; x_wconf 70' lang='grc' dir='ltr'><em>ηΙ</em></span> <span class='ocrx_word' id='word_1_453' title='bbox 1733 4531 1804 4604; x_wconf 73' lang='grc' dir='ltr'><em>τούς</em></span> <span class='ocrx_word' id='word_1_454' title='bbox 1824 4531 1910 4594; x_wconf 69' lang='grc' dir='ltr'><em>εἶναι</em></span> 
     </span>
     <span class='ocr_line' id='line_1_40' title="bbox 323 4630 1908 4718; baseline 0 -20"><span class='ocrx_word' id='word_1_455' title='bbox 323 4635 547 4716; x_wconf 80' lang='grc' dir='ltr'><em>νομιζομένους</em></span> <span class='ocrx_word' id='word_1_456' title='bbox 569 4670 625 4706; x_wconf 88' lang='grc'><em>-,</em></span> <span class='ocrx_word' id='word_1_457' title='bbox 658 4631 689 4695; x_wconf 80' lang='grc' dir='ltr'><em>οἶ</em></span> <span class='ocrx_word' id='word_1_458' title='bbox 718 4630 753 4694; x_wconf 84' lang='grc' dir='ltr'><em>δέ</em></span> <span class='ocrx_word' id='word_1_459' title='bbox 782 4631 850 4695; x_wconf 81' lang='grc' dir='ltr'><em>κατ’</em></span> <span class='ocrx_word' id='word_1_460' title='bbox 871 4630 973 4715; x_wconf 88' lang='grc' dir='ltr'><em>άλλην</em></span> <span class='ocrx_word' id='word_1_461' title='bbox 994 4636 1049 4694; x_wconf 71' lang='grc' dir='ltr'><em>καί</em></span> <span class='ocrx_word' id='word_1_462' title='bbox 1070 4632 1173 4717; x_wconf 87' lang='grc' dir='ltr'><em>άλλην</em></span> <span class='ocrx_word' id='word_1_463' title='bbox 1196 4633 1427 4718; x_wconf 87' lang='grc' dir='ltr'><em>παραπλησίαν</em></span> <span class='ocrx_word' id='word_1_464' title='bbox 1449 4632 1556 4696; x_wconf 70' lang='grc' dir='ltr'><em>αἰτίαν</em></span> <span class='ocrx_word' id='word_1_465' title='bbox 1578 4634 1767 4718; x_wconf 85' lang='grc' dir='ltr'><em>ἐκαρτέρουν</em></span> <span class='ocrx_word' id='word_1_466' title='bbox 1788 4635 1827 4698; x_wconf 89' lang='grc' dir='ltr'><em>τά</em></span> <span class='ocrx_word' id='word_1_467' title='bbox 1848 4658 1908 4714; x_wconf 88' lang='grc' dir='ltr'><em>χα-</em></span> 
     </span>
     <span class='ocr_line' id='line_1_41' title="bbox 320 4738 499 4804; baseline -0.017 0"><span class='ocrx_word' id='word_1_468' title='bbox 320 4738 499 4804; x_wconf 87' lang='grc' dir='ltr'><em>λεπῶτατα.</em></span> 
     </span>
    </p>
   </div>
   <div class='ocr_carea' id='block_1_3' title="bbox 395 4857 1205 4929">
    <p class='ocr_par' dir='ltr' id='par_1_5' title="bbox 395 4857 1205 4929">
     <span class='ocr_line' id='line_1_42' title="bbox 395 4857 1205 4929; baseline -0.004 -14"><span class='ocrx_word' id='word_1_469' title='bbox 395 4881 423 4929; x_wconf 85' lang='lat'><em>23</em></span> <span class='ocrx_word' id='word_1_470' title='bbox 443 4860 531 4916; x_wconf 74' lang='grc' dir='ltr'><em>Ῑεαίαο</em></span> <span class='ocrx_word' id='word_1_471' title='bbox 551 4860 712 4927; x_wconf 70' lang='lat'><em>36-37123</em></span> <span class='ocrx_word' id='word_1_472' title='bbox 732 4857 819 4914; x_wconf 73' lang='lat' dir='ltr'><strong>Isaiae</strong></span> <span class='ocrx_word' id='word_1_473' title='bbox 839 4878 876 4924; x_wconf 86' lang='grc' dir='ltr'><em>ιο,</em></span> <span class='ocrx_word' id='word_1_474' title='bbox 897 4878 926 4924; x_wconf 87' lang='lat'><em>¹4</em></span> <span class='ocrx_word' id='word_1_475' title='bbox 941 4865 946 4925; x_wconf 92' lang='grc' dir='ltr'>Ι</span> <span class='ocrx_word' id='word_1_476' title='bbox 962 4879 991 4927; x_wconf 82' lang='lat'><em>²³</em></span> <span class='ocrx_word' id='word_1_477' title='bbox 1010 4859 1097 4915; x_wconf 72' lang='grc' dir='ltr'><em>Ῑεαίοε</em></span> <span class='ocrx_word' id='word_1_478' title='bbox 1117 4879 1154 4924; x_wconf 84' lang='lat'><em>14,</em></span> <span class='ocrx_word' id='word_1_479' title='bbox 1175 4878 1205 4925; x_wconf 87' lang='lat'><em>¹4</em></span> 
     </span>
    </p>
   </div>
   <div class='ocr_carea' id='block_1_4' title="bbox 0 0 2284 6166">
    <p class='ocr_par' dir='ltr' id='par_1_6' title="bbox 0 0 2284 6166">
     <span class='ocr_line' id='line_1_43' title="bbox 0 0 2284 6166; baseline 0 0"><span class='ocrx_word' id='word_1_480' title='bbox 0 0 2284 6166; x_wconf 95' lang='lat' dir='ltr'><em> </em></span> 
     </span>
    </p>
   </div>
  </div>
 </body>
</html>
