4560 6172
276 735 322 809 εἰς
344 733 488 811 δεξλωσιν
512 731 709 816 προσφιλοῦς
730 731 899 815 εὐεργέτου,

278 839 320 903 δι’
343 840 380 902 ὃν
402 838 502 902 πόλιν
524 838 568 926 ζῇ,
592 842 645 898 καὶ
665 843 783 921 τροφῆς
805 836 904 900 δεῖται
924 836 1033 902 πόλιν.

191 1051 233 1117 6.
283 1047 340 1120 Εἰς
361 1047 398 1110 τό
421 1049 511 1127 βαΐα.

240 1151 401 1227 1Ἄνοιγε
421 1153 478 1224 τός
501 1152 568 1227 σός,
592 1152 618 1214 οῖ
641 1154 721 1215 θεοῦ
742 1151 844 1226 πόλις,
869 1150 990 1225 πύλας·

281 1254 322 1328 ἃς
343 1254 484 1337 ἠγάπησε
506 1254 611 1337 κύριος
631 1254 870 1338 παντοκράτωρ·

280 1358 352 1422 ἰδοῦ
370 1359 432 1441 γὰρ
452 1356 544 1432 αῦτδς
567 1359 687 1442 ἔρχεταί
709 1377 757 1422 σοι
781 1359 941 1442 δεσπότης,

279 1467 393 1544 πρᾷος,
416 1460 547 1538 δίκαιος,
569 1469 701 1549 μέτριος,
723 1464 958 1546 ταπεινόφρων,

238 1566 260 1632 5
282 1566 363 1646 ἔχων
383 1565 487 1648 ὄχημα
509 1565 619 1629 πῶλον
639 1565 778 1641 εὐτελοῦς
800 1568 887 1643 ὄνου,

281 1674 335 1731 καὶ
356 1670 426 1743 τοὺς
446 1671 596 1752 μαθητὰς
617 1673 652 1732 έκ
674 1670 785 1733 ποδῶν
807 1668 1008 1752 ὁδοιπόρους.

280 1772 395 1846 παῖδες
415 1776 691 1855 προπεμπέτωσαν
714 1773 812 1838 αύτδν
832 1774 868 1836 έν
890 1777 1031 1854 κρότοις·

283 1875 334 1939 δεῖ
353 1875 414 1956 γὰρ
436 1876 491 1940 τὸν
512 1875 614 1953 ἁγνὸν
633 1869 670 1954 ’ἐξ
692 1876 800 1953 όγνιῦν
822 1877 912 1961 τιμήν
936 1877 1026 1957 ἔχειν.

281 1979 422 2053 κλοίδους
443 1979 656 2068 προ[σ]σειέτω
680 1982 715 2044 δὲ
738 1984 928 2065 νικητηρλους

219 2085 261 2150 10
284 2084 339 2170 1ῦς
359 2088 414 2146 τοτ’
435 2085 592 2166 παρόντος
613 2089 693 2163 χθές
714 2085 837 2147 κατεῖδε
858 2085 892 2147 τό
915 2084 1038 2167 κρότος.

281 2185 299 2252 ό
323 2186 353 2250 δ’
375 2188 475 2261 ἄλλος
496 2188 589 2267 ὄχλος
611 2188 680 2263 τούς
701 2194 835 2267 χιτῶνας
857 2189 1050 2271 στρωννύων,

281 2291 398 2374 ῦμνους
419 2292 667 2375 προσᾳδέτωσαν
689 2291 873 2376 ἳκετηρέους·

283 2400 382 2480 σωτηρ
404 2400 465 2479 γάρ
488 2395 554 2480 η’κει
577 2398 677 2459 πόσιν
699 2395 716 2459 δ
741 2395 915 2480 ζωηφόρος,

284 2500 354 2564 δσοι
377 2498 488 2582 λαβεῖν
509 2499 663 2563 θέλουσιν
684 2498 782 2565 αὐτοῦ
802 2504 857 2583 την
878 2498 983 2581 χόριν.

221 2606 263 2670 15
285 2606 322 2668 σὺ
344 2604 381 2679 δ’,
406 2601 432 2667 ιδ
454 2605 601 2687 ποθεινη,
627 2609 707 2685 πρὸς
727 2609 754 2668 τί
776 2607 832 2677 τός
854 2608 969 2688 σαυτῆς
990 2604 1103 2680 πύλας,

284 2708 382 2784 Σιιόν,
405 2706 551 2785 α’νοῖξεις,
574 2707 669 2772 ἔνδον
690 2709 933 2792 έμπεπλησγιένη

283 2812 404 2902 ληστῶν
425 2811 570 2896 α’πηνῦν,
593 2811 763 2892 δυσσεβτῦν,
785 2812 979 2895 μιαιφόνων,

284 2917 337 2990 οὓς
359 2915 425 2982 οὐδ’
447 2916 465 2980 δ
488 2919 615 3001 νεκρούς
635 2918 808 2993 έξανιστῶν
829 2916 949 3002 ῥᾳδίως

286 3021 370 3105 ᾅδην
391 3044 422 3084 τε
444 3026 541 3084 νικῶν
562 3017 650 3095 οὗτος
671 3022 816 3103 έντρέψει
838 3021 942 3102 τόχας

221 3126 264 3191 20
284 3135 348 3199 τοῖς
369 3130 430 3208 γοὶρ
452 3125 556 3208 φόνον
578 3129 728 3188 πνέουσιν
751 3125 852 3199 αἰδώς
873 3125 928 3190 οῦκ
951 3126 1013 3188 ἔνι·

286 3227 495 3310 καὶμᾶλλον,
518 3231 547 3294 ελ
569 3230 699 3313 φθόνος
720 3253 764 3304 τις
785 3228 894 3303 αὐτούς
915 3228 1070 3314 έκφλέγει.

286 3333 372 3414 ὅμως
393 3333 420 3397 δ’
444 3334 563 3412 ἄνοιγε,
587 3339 641 3395 καὶ
664 3332 757 3413 δέχου
778 3339 834 3396 τὸν
858 3332 1030 3418 δεσπότην·

284 3441 420 3521 καὶγὰρ
443 3437 583 3521 πόρεστι,
606 3442 659 3503 τοῦ
680 3441 803 3500 παθεῖν
825 3438 943 3525 (οἶμαι)
966 3437 1072 3520 χόριν,

285 3542 414 3625 έπεῖπερ
436 3542 504 3606 οἶδε
525 3547 580 3604 καὶ
601 3540 724 3605 παθόν
746 3547 874 3625 φεύγειν
896 3544 1017 3616 πόθος.

222 3647 265 3712 25
287 3644 324 3711 ού
346 3646 387 3730 δη
410 3670 454 3720 τις
477 3644 552 3729 ημῖν
574 3647 655 3710 ἐστὶν
677 3647 826 3712 ἐντεῦθεν
848 3640 964 3729 φόβος·

287 3750 417 3813 ὥσαννοὲ
439 3755 558 3814 τοίνυν·
582 3754 695 3827 σοῦσον,
717 3750 913 3834 εύλογημένε,

287 3855 367 3920 οῦτοι
388 3856 546 3939 προσηνὴς
567 3855 757 3920 εἰσελαύνων
780 3860 833 3916 καὶ
856 3858 964 3938 φέρων

286 3964 410 4043 βροτοῖς
431 3960 553 4023 ἅπασιν
575 3960 610 4023 έκ
632 3963 755 4022 παθῶν
775 3958 980 4042 ἀφθαρσίαν.

202 4171 240 4236 7.
289 4167 347 4241 Ek
369 4172 424 4251 την
446 4167 629 4251 σταύρωσιν.

247 4274 262 4336 1
289 4274 356 4346 Νὺξ
377 4276 490 4335 ταῦτα·
512 4276 565 4333 καῖ
587 4273 648 4352 γὰρ
671 4271 761 4353 ἥλιον
782 4270 906 4349 κρύπτει
928 4269 1047 4346 σκότος,

289 4375 386 4455 ἀχλύς
408 4375 443 4439 δὲ
466 4376 583 4460 πληροῖ
604 4376 709 4438 πόντοι
732 4379 785 4437 καὶ
805 4378 912 4455 βαθύς
935 4374 1040 4459 ζόφος.

290 4485 359 4554 πῶς
380 4477 438 4544 οὖν
459 4484 586 4564 θεωρῶ,
610 4480 778 4564 δημιουργὲ
800 4482 916 4560 Χριστέ
934 4502 1007 4561 μου,

288 4583 521 4667 σταυρούμενόν
544 4603 594 4663 σε,
618 4587 694 4667 φεῦ·
717 4588 745 4646 τέ
764 4588 852 4648 τοῦτο
858 4613 870 4661 ,·
893 4589 946 4646 καὶ
969 4587 1077 4648 πόθεν

245 4689 266 4755 5
290 4688 432 4776 Ισωτῆρα
454 4690 574 4770 κόσμου
596 4688 784 4772 προσδοκῶν
806 4704 840 4750 σε
861 4693 1041 4770 μακρόθεν,

287 4796 344 4858 νῦν
366 4792 409 4867 ιῦς
431 4797 606 4877 κακοῦργον
627 4794 672 4868 εἰς
695 4793 778 4874 α’ρᾶς
800 4790 896 4869 ξύλον
916 4792 1026 4873 βλέπω
1032 4823 1044 4873 ,·

285 4893 436 4981 α’πῆλθεν
456 4897 559 4973 εἶδος·
582 4897 699 4970 κόλλος
720 4895 778 4961 οὐκ
800 4897 880 4977 ἔχεις
901 4897 959 4960 ἔτι·

1580 1059 1726 1110 accentum
1738 1074 1786 1126 po·

1580 1127 1622 1181 sui
1646 1131 1676 1181 ut
1701 1129 1786 1198 vulgo

1579 1201 1683 1252 solent:
1707 1215 1787 1254 voea-

1581 1272 1787 1325 mmm&

1581 1341 1714 1412 gyptiaco
1739 1348 1787 1410 βαι

1581 1413 1708 1466 manavit

1581 1485 1698 1537 2Psalm
1711 1488 1784 1555 πςτΙ

1581 1576 1593 1623 3
1627 1556 1787 1611 Matthaeus

1581 1647 1651 1694 2¹‚s

1582 2102 1613 2134 10
1656 2081 1789 2133 Lazarum

1600 2154 1635 2208 de
1656 2151 1773 2204 mortuis

1591 2223 1790 2278 suscitaverat:

1583 2297 1721 2351 Iohannes
1753 2314 1789 2360 τε,

1586 2388 1613 2420 12
1635 2387 1662 2434 13

1585 2846 1613 2893 17
1632 2826 1718 2881 haias
1728 2845 1751 2889 1,
1761 2845 1789 2878 21

1585 2899 1745 2953 Matthaeus
1751 2917 1791 2962 21,

1587 2990 1614 3038 13

1588 4771 1796 4836 6Deuteron21,

1589 4863 1618 4910 ²3
1643 4842 1648 4913 Ι
1676 4863 1689 4910 7
1709 4842 1796 4898 Ιεείεε

1589 4933 1627 4983 53·
1646 4935 1661 4968 ²
