4560 6172
1751 585 1792 648 91

202 750 308 829 οὗτος,
342 749 431 828 τάγο)
452 751 508 814 τόν
530 747 685 834 δεσπότην
713 755 767 812 καὶ
790 752 913 829 πατέρα
935 755 989 811 καὶ
1012 749 1126 832 φίλον,
1148 753 1203 812 τόν
1224 749 1435 833 η’γιασμένον,
1458 752 1495 813 σέ
1516 773 1615 832 φημι,
1638 752 1691 826 σέ,
1712 749 1795 815 λδείν

150 839 157 853 x
200 852 257 920 οῦν
278 854 339 919 οίδ*
361 853 455 932 όπου,
478 855 559 917 κατὰ
582 856 637 934 τὴν
658 853 813 933 βασιλίδα
833 853 862 916 δ’
885 854 975 933 οίμαι
996 859 1060 916 τῶν
1082 852 1219 929 πόλεων,
1251 852 1403 932 ἀμυδρῶς
1424 852 1498 916 λίαν
1520 852 1618 927 ἔδοξα
1640 857 1694 914 καί
1716 851 1794 918 ὅσον

201 960 237 1021 έν
259 957 368 1044 ὕπνῳ·
399 958 484 1041 πλην
514 956 586 1021 ἀλλ’
616 956 719 1039 ῦπαρ,
754 956 810 1022 οῦκ
842 959 940 1037 ὄναρ,
972 955 1108 1040 ἀληθῶς
1138 954 1176 1038 ἦν
1206 957 1239 1019 τό
1271 955 1397 1036 ὅραμα·
1435 961 1492 1021 νῦν
1513 964 1575 1037 γὰρ
1597 957 1680 1019 ἔοικε
1700 956 1795 1038 μόλις

200 1062 398 1127 έπανελθείν
426 1060 444 1144 ἢ
477 1059 665 1145 ἀνάμνησις.
712 1060 786 1122 2ιταέ
813 1059 910 1134 είδον,
944 1060 1033 1124 εόδον
1062 1065 1105 1143 τῶ
1135 1061 1202 1123 ὄντι
1231 1063 1286 1122 τόν
1316 1059 1421 1142 πόσης
1448 1060 1576 1140 χάριτος
1604 1060 1709 1142 πλήρη
1739 1066 1795 1123 καί

199 1168 313 1248 μεστόν
341 1163 505 1249 ἁγιότητος
532 1171 589 1229 καί
616 1166 717 1231 καλοῦ
744 1165 864 1237 παντός
890 1162 998 1244 ἑτέρου
1028 1163 1185 1246 δεσπότην
1210 1181 1289 1242 μου,
1321 1168 1374 1225 καί
1407 1163 1424 1244 ἢ
1455 1163 1591 1244 ὅρασις*
1625 1164 1721 1230 αύτοῦ
1749 1163 1794 1241 ὥς

201 1268 312 1349 όρασις
333 1266 480 1346 ἀγγέλου,
503 1273 557 1331 καί
579 1276 615 1331 τα·
639 1268 766 1354 ῥύματα
790 1266 885 1332 αὐτοῦ
907 1266 986 1350 ζωῆς
1008 1268 1152 1350 ῥήματα,
1187 1271 1241 1328 καὶ
1270 1271 1322 1348 τῆς
1351 1267 1508 1350 καλλονῆς
1536 1264 1554 1329 ό
1583 1269 1728 1349 σταθμός
1752 1307 1791 1318 -

202 1370 288 1436 ἀλλὰ
310 1371 424 1454 ταύτης
444 1394 485 1451 με
506 1375 539 1434 τό
562 1376 678 1456 μέτρον
700 1372 862 1446 έπέλιπεν,
884 1371 994 1453 ἐπειδὴ
1017 1370 1118 1454 μηόέν
1140 1369 1254 1450 ὅμοιον
1267 1375 1330 1433 τῶν
1344 1371 1445 1434 όντων
1460 1369 1564 1450 εῦρεῐν
1575 1372 1649 1434 έστί.
1695 1370 1794 1454 8πλην

202 1475 273 1539 ἀλλ’
294 1474 364 1539 οίόν
385 1497 425 1556 με
449 1474 552 1538 πόλιν
574 1477 610 1538 έκ
631 1482 744 1559 καινῆς
764 1474 917 1557 εἰσῆλθεν
933 1474 1126 1556 ἐνθύμημα·
1149 1475 1245 1554 ὄφεις
1261 1477 1405 1553 σώματος
1420 1478 1526 1550 ταῦτα,
1550 1481 1604 1536 καί
1626 1475 1680 1538 όιά
1703 1481 1793 1539 τοῦτο

200 1577 398 1660 βραχύτατον
420 1578 465 1652 τίς
488 1581 574 1641 θέαν
595 1581 629 1641 τό
652 1578 803 1659 έραστύν,
836 1582 890 1638 καί
919 1584 1074 1652 τοσοῦτον,
1106 1577 1149 1650 ῶς
1175 1581 1228 1639 ταὶ
1256 1576 1441 1659 ἀμφίβολον
1472 1577 1501 1640 εί
1530 1577 1612 1652 όλας
1633 1584 1793 1654 τεθέαται,

201 1682 404 1746 κινδυνεῦσαι
425 1685 580 1758 γενέσθαι
603 1687 691 1762 παρὰ
716 1684 876 1761 λογισμοῖς
895 1681 1094 1764 έπιλησμοσι,
1115 1692 1180 1754 τοῖς
1192 1682 1280 1761 έμοίς
1291 1682 1390 1762 δῆλον
1402 1680 1459 1755 ὄπ,
1482 1680 1550 1743 ἐπεὶ
1566 1693 1630 1755 τοῖς
1646 1693 1795 1764 ψυχικοῖς

202 1785 393 1868 όφθαλμοίς
414 1787 493 1846 καθ’
515 1784 593 1848 ὅλου
615 1808 646 1847 τε
668 1791 721 1846 καὶ
745 1785 786 1847 δι’
809 1784 887 1848 ὅλου
910 1793 963 1846 καί
984 1787 1130 1865 βεβαίως,
1155 1783 1210 1850 ούτ
1233 1784 1435 1864 ἀμφιβόλως,
1459 1789 1612 1864 ποίρεστιν
1634 1783 1717 1866 όρύν
1738 1791 1794 1850 τόν

202 1889 410 1969 ποθούμενον
440 1894 494 1950 ιιαῐ
524 1893 733 1971 τατατρυφῶν
764 1890 810 1962 είς
838 1887 936 1969 κόρον
967 1888 1062 1953 αύτοῦ
1098 1892 1151 1949 καὶ
1189 1885 1374 1952 ἀπολαύειν
1410 1884 1510 1971 ἡδέως
1544 1893 1608 1952 τῶν
1642 1889 1679 1952 έν
1709 1888 1795 1976 αύτηλ

201 1998 210 2083 ί
234 1995 363 2058 πολλῶν
384 1995 598 2075 χαρισμάτων.
653 1993 727 2054 4καὶ
749 1991 846 2058 ούδέν
869 1990 886 2056 ὁ
908 1993 1006 2065 τόπος
1027 1993 1188 2067 ἐνταῦθα,
1223 1990 1316 2057 οὐδὲν
1339 1989 1356 2055 ό
1379 1987 1493 2072 χρόνος
1514 1991 1532 2056 ό
1554 1996 1650 2072 μέσος
1718 1995 1793 2061 109¹

202 2096 270 2164 οὐδ’
290 2096 382 2180 ἑτέρα
404 2101 598 2179 περίστασις·
635 2100 778 2177 κρείττων
808 2097 870 2177 γάρ
900 2097 1031 2158 πάντων
1059 2099 1176 2160 τούτων
1203 2095 1220 2180 ἢ
1251 2099 1305 2178 τῆς
1334 2096 1443 2175 ὄφεως
1472 2098 1584 2179 ταύτης
1613 2100 1708 2179 φύσις
1740 2104 1796 2160 καὶ

202 2201 347 2282 δύναμις,
370 2201 408 2265 ού
431 2201 486 2264 όιοί
509 2206 621 2281 τοίχων
637 2198 719 2282 όρᾶν
740 2206 794 2262 καὶ
808 2200 863 2263 διὰ
880 2200 986 2262 λίθων
1001 2199 1117 2279 ἔχουσα
1131 2203 1243 2280 μόνον,
1268 2200 1311 2272 ῶς
1329 2197 1347 2261 ό
1364 2199 1502 2272 παλαιός
1516 2204 1622 2281 μῦθος
1637 2201 1794 2278 βούλεται,

203 2305 288 2369 ἀλλά
311 2312 365 2368 καί
388 2305 429 2368 δι’
450 2304 558 2384 ἑτέρου
580 2307 699 2378 παντὸς
719 2305 934 2384 δπιπροσθείν
956 2304 1135 2384 πεφυκότος
1162 2304 1319 2383 ἐμποδίου
1348 2327 1379 2366 τε
1401 2313 1455 2365 ται
1477 2303 1669 2383 νωλυματος.
1715 2304 1794 2368 15ττοιί

202 2416 258 2472 ίνα
280 2429 330 2473 σοι
354 2412 475 2472 θᾶττον
496 2411 551 2471 τόν
573 2411 694 2470 σκοπόν
716 2411 771 2472 τοῦ
793 2408 889 2484 λόγου
913 2409 1146 2487 συναπαρτίσω,
1182 2405 1369 2490 ἀείμνηστον
1390 2409 1462 2470 ἴσθι
1484 2413 1562 2488 παρ’
1583 2407 1654 2487 έμοί
1677 2408 1794 2490 διαμέ-

202 2531 323 2576 νουσαν
343 2517 399 2596 την
420 2513 479 2597 σην
501 2512 657 2594 ὁσιότητα.
681 2511 710 2573 εί
732 2511 762 2572 δ’
785 2510 921 2593 ἀκερδης
944 2510 961 2593 ἢ
984 2512 1076 2591 χάρις
1097 2510 1188 2598 αύτῇ,
1211 2509 1283 2572 ἀλλ’
1306 2508 1382 2592 ἡμῖν
1402 2534 1437 2587 γε
1459 2511 1588 2585 πάντας
1610 2512 1716 2585 αύτοίς
1738 2511 1794 2578 σύν

204 2615 340 2698 α’κερδης
360 2614 427 2681 οὐδ’
449 2615 622 2698 α’νύνητος·
657 2623 685 2677 τί
714 2617 776 2694 γὰρ
804 2614 911 2696 μεῖζον
933 2614 1004 2691 έμοῐ
1026 2619 1080 2678 τοῦ
1102 2616 1210 2702 μνήμη
1234 2614 1447 2695 κουφίζεσθαι
1470 2614 1624 2679 δεσπότου
1647 2617 1795 2680 τοσούτου

204 2720 379 2786 κάντεῦθεν
399 2723 532 2802 μετρίως
560 2719 614 2782 em
642 2718 776 2791 πολλοῖς
808 2757 842 2767 -
876 2723 937 2799 φεῦ
966 2716 1084 2801 ἡλίκοις
1112 2740 1144 2780 τε
1173 2723 1227 2778 καί
1257 2717 1343 2790 ὅσοις
1373 2755 1416 2766 -
1448 2728 1557 2790 κακοῖς
1590 2729 1795 2798 ψυχαγωγεῖν

204 2822 362 2905 έμαυτύνς
407 2822 516 2885 θάλλά
550 2844 605 2904 μοι
635 2824 822 2904 χαρισθείης
849 2822 895 2894 είς
924 2826 1076 2904 μήκιστον
1103 2820 1200 2894 οὕτως
1228 2820 1307 2902 ὑπὲρ
1336 2824 1393 2904 γῆς
1422 2821 1634 2898 διαλαμπων,
1668 2827 1722 2884 καί
1752 2827 1795 2906 μη

205 2928 345 2992 σύνοδον
365 2927 477 3007 μόνον,
511 2925 597 2989 ἀλλά
621 2931 674 2988 καί
696 2924 868 3008 σύγκλητον
890 2924 961 3004 ἅμα
984 2932 1039 2987 καὶ
1060 2931 1129 2988 πᾶν
1151 2922 1265 2998 ἁπλῶς
1286 2922 1320 2987 τό
1343 2923 1517 3005 πολίτευμα
1539 2930 1581 3010 τῷ
1603 2929 1668 2988 τῶν
1688 2925 1724 2988 έν
1745 2931 1797 2989 σοὶ

205 3031 314 3095 καλῶν
337 3030 460 3114 πλούτῳ
484 3029 657 3112 φιλοτίμως
678 3032 897 3110 κατακοσμῶν.

297 3136 390 3204 169.
412 3156 440 3198 ο.
466 3132 656 3213 1Φιλοτιμία
679 3136 732 3213 τῆς
755 3135 849 3205 θείας
871 3134 1018 3212 ἄντικρυς
1040 3132 1176 3212 χάριτος,
1201 3130 1247 3193 ὅτι
1265 3132 1320 3195 τόν
1335 3135 1398 3211 πρὸ
1420 3134 1476 3196 τοῦ
1498 3133 1603 3213 σοφόν
1625 3133 1722 3215 φίλον
1737 3137 1796 3199 νῦν

206 3244 261 3302 ταί
283 3239 377 3316 ἅγιον
398 3238 520 3318 ἔχομεν,
543 3238 583 3299 ίν’
604 3236 659 3299 έπί
672 3236 744 3299 δυσί
758 3246 822 3308 τοῖς
835 3237 973 3317 πρῶτοις
984 3236 1096 3308 καλοῖς
1112 3234 1155 3308 ῶς
1168 3235 1295 3308 οίτείοις
1312 3235 1370 3319 η’δη
1389 3234 1684 3316 καλλαπιζοίμεθα,
1706 3240 1795 3318 εἴπερ

204 3344 243 3406 τό
266 3347 329 3406 τῶν
344 3343 450 3424 φίλων
471 3339 576 3415 κοινοί,
600 3343 620 3422 ἢ
640 3338 768 3419 μᾶλλον
789 3339 858 3403 ἴδια
882 3343 1011 3422 θατέρῳ
1034 3341 1071 3401 τό
1093 3342 1150 3404 τοῦ
1172 3336 1289 3419 ἑτέρου.
1336 3338 1540 3419 ’παραμένοι
1553 3346 1722 3422 τοιγαροῦν
1742 3341 1798 3405 έπὶ

205 3445 306 3509 πλέον
338 3448 371 3508 τό
402 3442 537 3508 διπλοῦν
569 3441 784 3523 ταλλιύπισμα
814 3447 917 3518 τοῦτο,
954 3445 1071 3524 κόσμος
1098 3442 1168 3522 ἅμα
1204 3448 1259 3504 ταί
1291 3440 1295 3528 Ι
1329 3442 1447 3525 ὄφελος
1485 3441 1560 3526 ἡμίν
1588 3455 1652 3519 τοῖς
1721 3445 1798 3512 109¹

206 3549 396 3624 πλουτοῦσι,
427 3553 480 3610 ταὶ
512 3546 661 3611 ἀκούοιτύ
688 3569 744 3628 μοι
775 3551 829 3609 καί
855 3547 1004 3626 βλέποιτο
1033 3547 1050 3610 ό
1082 3552 1136 3608 καί
1164 3556 1228 3618 τοίς
1257 3546 1368 3619 ἅλλοις
1388 3551 1448 3626 μέν
1471 3551 1551 3611 πᾶσι
1573 3551 1798 3628 κεχαρισμένος

206 3651 286 3717 οὕτω
308 3676 336 3716 τι
360 3652 471 3734 φίλος,
503 3651 579 3733 ἡμῖν
607 3651 644 3713 δέ
673 3651 812 3730 μάλιστα
842 3656 975 3714 πάντων
1003 3661 1067 3725 τοίς
1095 3657 1149 3713 καί
1170 3650 1298 3731 μᾶλλον
1319 3654 1491 3728 ποθοῦσιν,
1525 3651 1580 3715 οἵτε
1601 3652 1702 3716 πλέον
1722 3655 1798 3730 ἴσως

206 3765 268 3820 τῶν
289 3756 400 3818 ἄλλων
422 3766 552 3818 συνιείσι
575 3758 630 3817 τοῦ
653 3753 805 3830 ἀγαθοῦ·
829 3760 883 3816 καὶ
906 3755 952 3837 μη
975 3779 1018 3828 τις
1042 3758 1170 3836 φθόνος
1194 3754 1300 3830 αύτύν,
1322 3754 1368 3836 μη
1389 3777 1433 3828 τις
1453 3757 1557 3835 ἔτερος
1578 3757 1693 3838 τρόπος
1715 3756 1799 3840 η’μᾶς

205 3882 276 3932 τους
305 3858 478 3943 φιλοῦντας
506 3865 561 3920 καί
589 3861 775 3938 μετέχοντας
808 3859 888 3923 οῦτω
924 3863 986 3921 τῶν
1019 3858 1114 3925 αύτοῦ
1147 3861 1285 3939 χαρίτων
1314 3857 1478 3938 ἀφέλοιτο.
1533 3858 1607 3926 8τοῦ
1637 3861 1674 3924 δέ
1700 3860 1799 3940 λόγου

206 3962 395 4044 κεφάλαιον,
428 3961 586 4043 έρρῶσθω
610 3965 684 4033 τέως
706 3962 739 4024 τύ
762 3966 855 4041 σῶμα
889 3968 959 4045 (την
984 3984 1047 4041 γαρ
1078 3965 1186 4047 ψυχὴν
1214 3959 1352 4047 ἀπαθής
1382 3964 1463 4040 ἐστι,
1495 3963 1800 4045 μεταπεπλασμένος

207 4066 266 4149 ἤδη
287 4070 331 4150 τῷ
353 4067 541 4150 πνεύματι),
574 4070 629 4127 καί
655 4066 760 4149 πόσης
787 4070 892 4147 χαρᾶς
920 4071 973 4127 καί
996 4065 1207 4149 ἀνθρωπίνης
1235 4072 1289 4129 καί
1311 4072 1405 4143 θείας
1425 4069 1463 4132 έν
1484 4075 1580 4133 παντί
1602 4067 1799 4152 πληραυσθιι

208 4193 321 4255 ιταιρῳ.

297 4276 390 4342 17⁰.
423 4296 474 4340 οα.
512 4272 674 4348 ιἈγαθοῦ
706 4269 863 4335 δεσπότου
897 4275 1057 4353 θεράπων
1084 4273 1213 4348 εἰκότως
1240 4272 1371 4349 ἀγαθός
1400 4281 1454 4338 καί
1483 4276 1594 4352 αὐτός,
1625 4276 1799 4360 ἐπειδήπερ

208 4377 335 4458 ἀμέσας
364 4381 503 4457 μετέχειν
529 4399 561 4440 τε
590 4381 644 4438 καί
672 4377 802 4454 βλέπων
830 4377 1041 4454 ἐξομοιοῦται.
1075 4376 1190 4445 ούασῦν
1211 4377 1308 4444 ούδέν
1330 4381 1530 4455 θαυμαστόν,
1562 4385 1591 4444 ελ
1614 4385 1801 4462 θαυμαστός

208 4499 247 4544 συ
269 4483 307 4544 τό
330 4480 453 4556 πάντα,
486 4478 601 4564 ἀρετην
622 4502 653 4543 τε
675 4479 757 4554 λέγω
779 4485 833 4541 ταί
857 4479 955 4555 λόγον
976 4487 1032 4542 καὶ
1052 4482 1225 4565 σεμνότητα
1247 4488 1368 4547 πᾶσαν.
1396 4485 1427 4547 εί
1448 4485 1485 4548 δέ
1507 4491 1561 4548 καί
1583 4485 1698 4569 φιλίαν
1719 4487 1800 4566 πρός

208 4581 336 4660 τούτοις,
369 4583 409 4650 ού
432 4589 547 4667 θαρρῶ
569 4585 778 4646 παντάπασιν
809 4583 1076 4664 ἀποφαίνεσθαι,
1108 4587 1218 4670 έπειόη
1246 4592 1299 4649 καί
1328 4589 1444 4667 χρόνος
1473 4594 1527 4651 καί
1553 4592 1650 4662 τόπος
1677 4587 1802 4652 ἀόικείν

208 4687 294 4772 ημᾶς
314 4686 464 4762 ὕποπτος,
488 4692 636 4753 τοσοῦτον
656 4684 835 4764 α’πύγοντες
858 4695 912 4751 ταὶ
930 4693 1011 4770 πρὸς
1026 4695 1173 4755 τοσοῦτον
1186 4695 1240 4756 τοῦ
1253 4691 1362 4775 φίλου,
1376 4698 1431 4755 καί
1444 4692 1601 4769 διστάζειν
1613 4698 1803 4775 παρέχοντες

209 4795 255 4876 μοί
277 4813 306 4854 τι
328 4795 498 4855 πέπονθεν
519 4788 736 4871 ἀνθρώπινον
757 4792 843 4868 ἴσως,
866 4791 923 4872 οἰχ
945 4793 1044 4875 όρῶν,
1066 4793 1123 4875 οἰχ
1146 4795 1325 4877 ὁρώμενος,
1347 4793 1366 4860 ό
1389 4797 1495 4860 πολλὰ
1517 4801 1578 4881 μέν
1601 4800 1802 4882 φιλουμένος,

284 4932 299 4968 τ
317 4912 389 4968 Ιοδδ
408 4932 447 4982 ¹³·
469 4919 485 4968 6

1439 5020 1518 5092 12*
