4560 6172
282 700 394 774 ἄλλοις
413 700 475 781 γάρ
500 699 581 762 άλλο
602 701 776 783 φάρμακον
798 709 967 789 σωτηρίας·

281 806 359 886 ἐμόν
382 806 417 867 ds
440 807 563 879 πένθος
585 810 734 885 ιοσμιιιού
756 809 900 884 πένθους
922 809 1016 884 λύσις.

197 1014 263 1079 21.
286 1012 341 1083 Είς
363 1014 431 1084 τοὺς
453 1008 562 1085 ἁγίους
585 1006 793 1094 άναργύρους.
825 1019 830 1086 J
1584 1036 1600 1068 0
1618 1017 1792 1073 NNilleska-

242 1117 257 1178 l
278 1110 370 1188 Ἰδού,
392 1118 419 1176 τί
440 1114 574 1195 τερπνόν
597 1117 617 1197 ἤ
636 1117 735 1193 γέμον
757 1117 919 1199 θυμηδίας
1599 1088 1776 1214 ,11]ζῖἶῖἳίΠὲ

282 1215 324 1290 ὡς
347 1216 557 1300 αὐταόέλφων
580 1217 742 1300 φιλτάτων
764 1226 907 1283 συνοικία
913 1251 924 1299 ,·
1587 1236 1651 1297 1981
1673 1233 1791 1287 1Psalm

283 1322 321 1404 ἢν
344 1322 360 1404 ἡ
384 1327 530 1401 παρούσα
552 1334 705 1403 μαρτυρεῖ
724 1329 842 1398 τούτοις
864 1328 979 1401 στάσις,
1586 1305 1635 1370 ⁰²¹³
1654 1322 1666 1354 ¹

283 1428 361 1487 καθ’
385 1427 423 1509 ἣν
447 1426 526 1506 ὁμοί
548 1425 685 1492 σύνεισιν
707 1427 738 1488 οἳ
759 1433 979 1509 γεγραμμένοι.

241 1532 262 1596 5
284 1528 464 1609 ἀνάργυρος
485 1534 543 1608 μὲν
565 1529 582 1592 ό
606 1532 720 1612 τρόπος
741 1544 805 1605 τοῖς
827 1535 1004 1610 συγγόνοις·

283 1638 372 1716 τέχνη
395 1634 424 1696 δ’
446 1635 565 1715 ἰατροί·
590 1638 833 1717 θαυματουργοί
854 1660 886 1700 τε
909 1637 1017 1702 πλέον.

286 1739 325 1820 ἣν
347 1737 403 1804 υύν
424 1738 550 1813 θέλεις,
573 1741 718 1817 ἄμισθον
740 1740 863 1813 έξαιυοῦ
885 1742 995 1821 χάριν·

287 1845 363 1904 θεία
385 1846 446 1921 γάρ
469 1835 567 1918 έγγύς,
589 1843 715 1926 εὐτυχής
738 1843 772 1905 ds*
796 1850 851 1906 καὶ
870 1848 970 1927 τέχνη.

201 2052 266 2117 22.
290 2050 344 2121 Είς
372 2050 425 2110 τόν
452 2049 544 2124 άγιον
567 2052 698 2115 Παύλου
725 2049 967 2135 ὑπαγορεύοντα,
997 2056 1051 2114 καί
1071 2056 1205 2116 Λουκᾶν
1233 2054 1288 2115 καί
1318 2048 1483 2128 Τιμόθεον
1511 2051 1710 2130 παρεστῶτας
1738 2048 1792 2106 καί

330 2153 521 2234 γράφοντας.

248 2251 318 2319 1‘0
341 2254 440 2327 ζῶντα
464 2258 600 2336 Χριστόν
619 2257 655 2320 ἓν
676 2261 754 2343 μέση
779 2262 867 2345 ψυχῇ
890 2261 999 2341 φέρων

286 2359 412 2420 ἐκεῖθεν
432 2359 514 2421 ἕλκει
537 2363 604 2433 τούς
627 2360 825 2445 α’πορρητους
846 2362 970 2437 λόγους,

288 2461 341 2532 οὓς
363 2468 415 2522 καὶ
437 2461 604 2541 όιόαχθείς
623 2469 781 2528 σιέπτεται
806 2470 872 2538 πῶς
894 2466 1066 2547 έιιφράσοι·

285 2577 349 2636 τοῖς
371 2565 472 2640 άξίοις
494 2568 556 2648 γὰρ
580 2572 678 2630 πᾶσιν
699 2567 834 2643 ἐξειπεῖν
858 2567 958 2634 θέλει.

245 2669 266 2734 ἴ)
289 2667 360 2731 ἀλλ’
384 2666 414 2730 οἳ
436 2668 591 2750 παρόντες
611 2669 736 2753 εὐφυεῖς
759 2671 939 2754 όξυγράφοι

289 2772 331 2844 ὡς
352 2780 515 2851 μοστικοίς
537 2774 696 2855 γράφουσι
718 2777 787 2848 τοὺς
809 2775 922 2852 λόγους
943 2776 1031 2845 τέως·

290 2877 435 2957 φθόγγος
456 2879 516 2960 γάρ
541 2879 628 2942 ούπω
651 2885 709 2960 γῆν
732 2879 897 2962 προῆλθεν
917 2877 961 2949 είς
982 2876 1069 2960 ὅλην,

291 2980 372 3067 Ιιιᾶν
394 2987 503 3044 πᾶσαν
524 2981 708 3065 ἐπλήρωσεν
729 2982 855 3066 ύστερον
876 2985 982 3046 κτίσιν.
1244 2980 1280 3046 9²

205 3192 272 3258 28.
296 3190 351 3262 Είς
371 3190 426 3272 την
448 3190 562 3273 ιηόίαν
583 3191 636 3253 τοῦ
654 3190 880 3271 Χρυσοστόμου
903 3193 957 3251 καὶ
975 3190 1031 3272 τὴν
1053 3188 1132 3251 κατὰ
1155 3189 1209 3251 τόν
1224 3185 1391 3269 Ἅόέλφιον
1411 3187 1561 3272 ἱστορίαν.

250 3297 266 3358 1
295 3299 361 3356 Τὸν
383 3295 517 3370 ἄγγελον
538 3297 597 3374 μὲν
619 3294 653 3355 έν
674 3297 798 3372 βροτοῖς
819 3290 836 3355 ό
861 3297 1031 3377 πρεσβύτης

291 3397 387 3478 ζητῶν
410 3400 534 3476 ἔκαμνε,
558 3402 611 3459 καί
634 3401 751 3458 ποθῶν
773 3397 955 3479 ἐδυσφόρει,

291 3503 419 3584 έπιίπερ
442 3502 525 3564 είόεν
547 3500 590 3574 ὡς
610 3503 724 3581 βροτόν
746 3501 931 3583 τεθνηκότα,

292 3606 370 3672 οὕτω
393 3631 423 3669 τε
448 3611 558 3688 νεκρόν
580 3607 662 3686 πρός
683 3611 789 3687 ταφὴν
811 3605 1010 3689 ἀπηγμένον·

248 3711 269 3776 5
290 3710 326 3771 έν
348 3711 495 3791 οὐρανοῖς
517 3710 551 3772 όὲ
574 3716 628 3772 τὸν
651 3712 854 3789 ποθούμενον
875 3710 996 3789 βλέπει,

290 3820 343 3878 τού
366 3818 580 3897 προσκυνητού
603 3814 731 3895 σφόδρα
755 3814 887 3896 πλησίον
912 3814 1052 3893 θρόνου·

291 3913 379 3990 οὗτος
402 3923 534 3997 πρέπων
556 3919 616 3997 γάρ
639 3915 677 3999 ἦν
695 3918 826 4005 Ἰωάννη
849 3923 956 3990 τόπος,

292 4027 347 4087 σύν
370 4033 433 4096 τοῖς
454 4026 616 4102 Χερουβὶμ
639 4019 682 4094 ὠς
702 4021 797 4104 έχρην
818 4025 1002 4106 τεταγμένην.

206 4234 272 4300 ΞΖΙ.
296 4232 352 4303 Εἰς
373 4231 427 4292 τόν
447 4228 643 4309 α’ρχάγγελον
668 4229 809 4311 Μιχαήλ.

252 4339 267 4401 1
296 4337 379 4410 Φῶς,
403 4339 526 4414 πνεῦμα
549 4341 602 4394 καὶ
626 4338 687 4412 πύρ
710 4334 843 4410 οἴδαμεν
863 4335 933 4407 τούς
955 4332 1117 4410 άγγέλους,

293 4440 411 4512 παντὸς
433 4443 556 4517 πάχους
577 4461 608 4500 τε
630 4443 683 4498 καὶ
705 4440 840 4510 πάθους
862 4436 1058 4518 ὑπερτέρους.

292 4543 364 4605 άλλ’
388 4544 405 4605 ό
428 4546 594 4625 στρατηγός
617 4549 678 4603 τών
701 4540 809 4606 α’ύλων
828 4544 998 4620 ταγμάτων

291 4651 394 4731 ἔστηκε
417 4652 554 4727 γραπτός
575 4646 692 4710 ὺλιιιιύν
716 4646 749 4709 έιι
774 4647 957 4725 χρωμάτων.

249 4752 270 4819 5
292 4750 318 4813 ὦ
340 4755 449 4824 πίστις,
472 4749 523 4814 οία
547 4755 805 4831 θαυματουργεῖν
827 4751 956 4830 ίσχύεις·

293 4854 335 4929 ὥς
358 4854 460 4940 ῥᾷστα
481 4867 619 4939 μορφαῖς
640 4860 695 4939 την
716 4853 913 4940 άμόρφωτον
935 4855 1048 4940 φύσιν·
