4560 6172
507 545 551 610 20

592 718 636 800 τῷ
658 719 752 798 πατρλ
773 717 835 777 τῶν
858 713 973 798 φοίτων
992 719 1054 798 γάρ
1077 713 1198 806 ἢνάθη
1215 714 1325 793 πάλιν,

594 818 630 895 ἐξ
651 817 688 883 ού
709 819 827 882 τέλειον
850 819 956 904 δῶρον
977 817 1080 905 η’λθεν
1100 822 1145 894 είς
1165 823 1247 899 βίον.

592 921 664 985 ἀλλ’
687 921 826 988 αὐτόθεν
845 947 895 1005 με,
916 928 978 987 τῶν
999 924 1086 1004 έμῶν
1108 925 1176 1006 φῶς
1198 923 1360 1006 ὀμμάτων,

530 1027 571 1092 15
594 1026 707 1110 φαίτιζε
728 1029 782 1089 τὸν
803 1027 871 1104 σύν,
895 1023 1037 1112 Μιχαηλ,
1057 1027 1215 1112 Ἰωάννην.

510 1235 577 1303 86.
596 1230 788 1314 Ἐπιτύμβιοι
809 1234 853 1309 εἰς
873 1236 928 1299 τὸν
950 1236 1155 1319 πρωτεύοντα.

553 1338 641 1402 ῙἚν
662 1335 700 1421 ἦν
722 1339 755 1400 τδ
777 1342 915 1418 κοσμούν
936 1341 991 1402 τὸν
1012 1340 1216 1423 ταλαίπωρον
1236 1341 1318 1419 βίον,

596 1438 613 1503 δ
638 1446 747 1523 νεκρός
769 1438 866 1517 οὗτος,
890 1448 964 1526 πρὶν
986 1450 1095 1525 νεκρὸς
1117 1446 1303 1527 πεφηνέναι,

594 1547 653 1620 έως
673 1545 715 1607 ἔτι
739 1544 809 1620 ζων,
834 1549 902 1628 φῶς
923 1545 1041 1632 ὑπῆρχε
1063 1550 1116 1612 τοῦ
1138 1551 1269 1629 κόσμου,

594 1650 653 1721 ἕως
674 1647 753 1728 ὑπὲρ
775 1653 831 1731 γῆς
852 1650 914 1730 εἶχε
935 1654 990 1735 την
1012 1650 1216 1734 λαμπηδόνα,

551 1752 572 1818 5
593 1750 649 1833 ὑφ’
671 1748 707 1835 ἧς
728 1751 805 1837 ὅλην
827 1753 937 1836 ηύγαζε
957 1757 1012 1837 τήν
1034 1756 1222 1837 οἰκουμένην

595 1855 693 1918 δποτα
716 1855 854 1939 φαιδρὸς
877 1857 987 1937 λύχνος
1008 1856 1169 1941 αύχμηρδν
1190 1859 1307 1920 τύπον·

595 1963 675 2022 θεού
696 1961 757 2042 γάρ
781 1956 868 2033 ούτος
891 1961 996 2044 δῶρον
1018 1959 1056 2045 ἦν
1079 1961 1282 2045 φερωνύμως,

595 2064 680 2145 η’θει,
703 2064 802 2149 λόγῳ,
822 2066 927 2150 τρόπῳ
950 2090 980 2128 τε
1002 2070 1056 2127 καὶ
1078 2066 1216 2148 λαμπρῷ
1237 2068 1296 2151 βίῳ

594 2171 649 2250 την
670 2165 831 2243 εὐγένειαν
852 2173 907 2250 τὴν
929 2171 1061 2232 ἄνωθεν
1085 2169 1245 2233 δεικνύων.

532 2271 574 2336 10
594 2266 682 2345 οὗτος
704 2271 812 2351 λύγοις
834 2274 958 2354 ἄριστος
979 2274 1014 2336 έκ
1035 2273 1249 2356 μαθημάτων,

597 2373 642 2448 οίς
663 2374 785 2459 ἐτράφη
807 2400 838 2438 τε
860 2382 912 2439 καὶ
935 2381 1032 2461 συνῆν
1053 2379 1133 2440 καθ’
1154 2375 1286 2460 ἡμέραν.

594 2474 683 2552 οὗτος
705 2482 867 2559 κράτιστος
887 2481 922 2543 έν
944 2478 1054 2561 νύμοις
1075 2481 1110 2543 έκ
1131 2484 1185 2546 τού
1206 2483 1335 2562 τρόπον,

595 2581 695 2653 λέγων
717 2582 826 2645 δίκαια
849 2588 902 2645 καὶ
923 2586 1129 2649 κατευθύνων
1150 2587 1264 2665 κρίσεις

595 2691 648 2748 καλ
670 2697 738 2760 ταίς
757 2677 876 2763 πάγαις
898 2688 1037 2773 ἄληπτος
1060 2691 1106 2750 αἲν
1125 2692 1187 2751 τῶν
1211 2684 1390 2770 λημμάτων,

533 2789 573 2854 15
593 2786 651 2871 ὑφ’
675 2786 721 2853 ὦν
743 2794 865 2875 πέφυκε
886 2795 952 2866 πᾶς
972 2792 1199 2872 μαλάσσεσθαι
1221 2793 1321 2866 τόνος.

595 2889 682 2967 οὗτος
702 2898 785 2972 γένει
807 2919 838 2959 τε
860 2899 914 2957 καὶ
935 2898 1007 2981 τύχη
1031 2906 1161 2978 φρονεῖν
1184 2897 1264 2975 ἔχων

593 2998 638 3072 ελς
658 3004 717 3082 γῆν
738 2997 825 3082 ἕοίρα
848 3004 901 3061 καὶ
922 3003 1071 3064 ταπεινὸν
1092 3000 1222 3083 ἐφρόνει

596 3101 638 3176 ὥς
660 3104 703 3164 ἄν
723 3127 768 3176 τις
790 3103 911 3185 ολκτρδς
932 3101 1142 3176 εὐτελέστατος
1163 3106 1278 3186 πένης·

597 3205 668 3293 Ικαλ
689 3209 750 3289 γάρ
774 3210 870 3290 πένης
892 3206 944 3285 ἦν·
969 3207 1054 3270 ἄλλά
1078 3207 1214 3281 πολλούς
1236 3207 1405 3280 πλουσίους

532 3311 575 3376 20
596 3309 721 3373 α’ντλῶν
742 3310 864 3374 ἐδείκνυ
885 3317 970 3394 χερσὶ
992 3310 1247 3396 δαψιλεστάταις.

596 3413 683 3489 οὗτος
706 3418 799 3497 ξένην
821 3414 957 3478 ὥδευσεν
976 3413 1167 3498 α’νθροίποις
1187 3420 1303 3499 τρίβον,

598 3523 651 3580 καὶ
672 3522 758 3598 μίξιν
779 3514 848 3598 εὗρε
870 3523 932 3581 τῶν
953 3517 1093 3601 άμίκτων
1115 3523 1320 3600 πραγμάτων,

596 3623 728 3705 ἄσκησιν
749 3623 793 3696 εἰς
814 3624 850 3686 ἓν
872 3627 925 3684 καὶ
947 3623 1108 3686 πολιτείαν
1130 3625 1227 3702 ἄγων,

597 3730 650 3787 καλ
670 3727 725 3808 τήν
746 3729 805 3805 μὲν
827 3725 870 3800 ὡς
891 3727 1030 3807 ἄσαρκος
1052 3728 1197 3790 ἐκπονῶν
1219 3727 1343 3810 λάθρα,

533 3829 576 3895 25
597 3832 632 3918 τῇ
653 3828 689 3891 δὲ
712 3828 888 3911 προδήλως,
911 3833 942 3893 εἴ
960 3854 1004 3903 τις
1026 3831 1133 3905 ἄλλος,
1156 3831 1347 3912 ἐμπρέπων·

597 3932 715 4013 νύκτωρ
738 3932 887 3995 διαθλῶν
907 3934 943 3996 έν
965 3945 1153 4016 προσευχαῖς
1175 3933 1358 4015 α’γρύπνοις,

597 4043 650 4097 καὶ
672 4035 751 4116 πρδς
772 4038 809 4098 τά
833 4040 923 4100 κοινοὶ
947 4039 1102 4102 συντελιύν
1122 4042 1177 4122 την
1198 4037 1337 4121 ἡμέραν·

595 4143 702 4222 μένων
723 4142 879 4221 ἄχραντος
900 4141 936 4205 έν
956 4146 1042 4226 μέσῳ
1064 4147 1126 4205 τῶν
1148 4144 1340 4223 πραγμάτων

598 4241 640 4316 ὥς
661 4244 825 4324 μάργαρύς
846 4268 890 4319 τις
911 4245 947 4307 έν
968 4250 1054 4330 μέσῳ
1077 4245 1310 4330 ῥυπασμάτων·
1332 4272 1334 4279 ·

534 4348 577 4412 30
599 4351 712 4426 πρᾷος,
734 4348 880 4431 γαληνύς,
904 4349 1063 4431 ἐγκρατής,
1087 4349 1226 4433 οοίφρων
1246 4348 1355 4423 πλέον,

597 4449 682 4535 ἡδύς,
704 4451 870 4534 προσηνής,
893 4451 993 4529 ίλεως,
1017 4457 1116 4516 πᾶσιν
1138 4454 1249 4536 φίλος·

598 4558 691 4617 θείου
714 4557 819 4638 φόβου
840 4578 870 4617 τε
892 4562 946 4619 καὶ
969 4558 1080 4620 πόθου
1103 4557 1330 4639 πεπλησμένος,

599 4658 692 4724 οὐδὲν
714 4659 861 4723 κάτωθεν
883 4659 956 4726 υύδὲ
978 4665 1030 4741 τῆς
1052 4659 1126 4744 ὕλης
1149 4665 1266 4745 φέρων,

599 4763 650 4825 ἀεὶ
673 4764 700 4825 δ’
722 4765 834 4826 ἑαυτὸν
856 4775 919 4840 τοῖς
941 4769 1021 4831 θεοῦ
1043 4764 1169 4840 δούλοις
1192 4769 1296 4846 νέμων

532 4868 576 4935 35
598 4866 724 4943 δούλαν,
749 4871 887 4953 ξενιστην
908 4873 962 4932 καλ
983 4871 1133 4955 ποριστὴν
1154 4873 1208 4932 καὶ
1230 4868 1336 4953 φίλον.

1528 3204 1584 3271 1’ίι

1929 756 1958 789 12
1984 735 2101 792 Iacobus

1930 827 1952 871 ¹2
1969 826 1997 873 ι7

1892 1994 1905 2041 7
1936 1975 2097 2031 Theodorus

1891 2048 2044 2102 vocabatur

1874 2729 1921 2775 1ις
1947 2709 2097 2778 Sophocles

1890 2781 2000 2835 Electra
2009 2800 2050 2848 125
2061 2797 2096 2834 ex

1889 2870 1952 2906 mea
1983 2855 2012 2907 et
2042 2856 2097 2904 Au·

1888 2921 2097 2993 gustiNauokii

1887 2995 2094 3048 emendatione:

1889 3067 2014 3136 Lagarde
2046 3083 2095 3118 an·

1792 3167 1794 3171 ·
1904 3140 2077 3205 merkungen

1888 3227 1937 3262 zur
1973 3207 2096 3278 griechi-

1889 3281 1973 3333 schen
2015 3280 2097 3332 iiber·

1889 3354 2005 3419 setzung
2046 3349 2095 3403 der

1908 3419 2076 3474 Proverbien

1889 3491 1928 3545 vii
1936 3511 1963 3560 ης
1979 3491 2097 3545 Basilius

1890 3582 1943 3631 300,
1954 3583 1982 3627 41
2003 3568 2056 3627 648.
2066 3582 2093 3615 τι

1926 3635 2062 3688 Frobeni¹

1897 3705 2088 3760 Theodoretus

1890 3776 1924 3830 ad
1946 3777 2060 3846 Philipp
2072 3797 2096 3838 τ,

1890 3849 2096 3916 ²·4111¹453

1890 3919 2021 3973 editionis
2048 3922 2097 3973 ha·

1889 3991 1974 4044 lensio
2000 4015 2032 4037 =
2057 3991 2097 4044 ΙΙΙ

1890 4063 1947 4130 3²9¹
1958 4062 2097 4118 Sirmondi
