4560 6172
500 508 543 573 ‘16

498 683 593 756 σώμα
614 680 778 750 νοσοῦντες
799 681 853 738 καὶ
873 677 930 759 τήν
951 678 1061 759 ψυχήν
1083 675 1193 761 πολλῷ
1216 678 1333 740 πλέον·
1357 673 1470 759 ῆπρός
1483 679 1538 740 τὸν
1555 679 1636 740 θεδν
1656 677 1691 739 δὲ
1707 677 1792 757 ὅμως
1804 675 1895 749 έλπλς
1909 676 2097 757 ἰσχυροτέρα

498 787 633 846 πόντων
654 788 716 844 τών
736 779 899 862 λυπηρῶν,
922 780 974 861 ἀφ’
997 779 1036 841 ὃν
1050 781 1219 854 πεποιθώς
1234 781 1309 861 είμι,
1332 785 1387 843 καί
1405 779 1475 860 άμα
1490 781 1531 844 δι’
1551 779 1642 863 εὐχῆς
1656 780 1703 843 δτι
1716 779 1854 861 μάλιστα
1870 783 2095 862 συντεταμίνης

499 889 665 966 ποιοῦμαι,
688 882 732 956 ώς
753 880 811 945 οὐκ
834 882 1006 965 ἀποστήσει
1027 884 1061 945 κδ
1085 882 1171 957 ἔλεος
1194 882 1289 949 αὐτοῦ
1312 882 1372 966 ἀφ’
1396 881 1496 965 ῆμών,
1519 882 1606 945 ἀλλά
1628 886 1708 947 καθ’
1731 885 1778 947 δτι
1793 887 1835 946 ἀν
1847 887 1956 965 χρείαν
1972 886 2095 964 ἔχωμεν

500 987 729 1070 ἀποπληρώσει
751 983 864 1067 ταύτην
887 982 931 1058 ώς
952 983 1123 1070 εὐεργέτης,
1154 992 1209 1049 καὶ
1231 987 1351 1060 ίκανώς
1372 990 1430 1060 τός
1451 1009 1482 1049 τε
1505 989 1564 1060 σάς
1585 992 1639 1048 καὶ
1660 989 1718 1061 τάς
1738 984 1889 1071 ῆμετέρας
1911 989 2006 1062 ἀνίας
2028 1010 2095 1050 πα-

499 1090 679 1172 ρακαλέσει.
724 1086 832 1150 ὓάλλά
854 1105 888 1149 σε
909 1094 1050 1152 τοιοῦτον
1071 1092 1125 1152 καί
1147 1113 1183 1167 γε
1203 1094 1337 1153 τοιοῦτοι
1361 1090 1366 1175 Ι
1396 1091 1477 1170 πρός
1498 1093 1541 1172 ζτδ
1571 1089 1680 1171 παρόν
1702 1114 1733 1153 τε
1764 1090 1947 1173 ἀκούοιμεν,
2037 1091 2095 1157 84²

499 1199 553 1256 καί
574 1202 639 1265 τοϊς
660 1191 851 1275 ὀφθαλμοῖς
872 1191 938 1270 μετ’
960 1191 1069 1269 ἀλίγον
1090 1191 1293 1275 ἐπανήκοντα
1315 1192 1449 1272 ἴδοιμεν.

585 1299 676 1365 187.
707 1295 755 1378 λη.
791 1294 902 1357 1Ιίοττοί
933 1298 968 1356 σέ
995 1300 1056 1375 μὲν
1082 1296 1201 1380 (οἶμαι)
1224 1297 1258 1359 τύ
1282 1296 1388 1376 δώρου
1408 1299 1460 1379 τῆς
1482 1296 1527 1368 είς
1548 1294 1632 1378 ῆμάς
1653 1294 1821 1379 εὐφημίας,
1845 1300 2009 1380 θεοτίμητε
2032 1300 2091 1360 δέ·

498 1418 599 1463 σποτα
621 1435 664 1446 -
685 1402 724 1460 τά
746 1397 807 1476 γάρ
831 1403 881 1459 σοί
903 1396 1029 1481 συνήθη
1052 1403 1106 1459 καὶ
1129 1402 1294 1480 πρέποντα
1326 1397 1426 1473 λέγεις
1457 1398 1527 1476 άμα
1556 1401 1609 1459 καὶ
1630 1398 1769 1481 γράφεις
1790 1435 1851 1474 -,
1883 1397 1921 1464 οὐ
1944 1402 2012 1462 κατ’
2034 1400 2092 1480 ἐμὲ

499 1505 535 1565 δὲ
556 1502 591 1565 τό
613 1501 733 1583 λῆμμα,
755 1503 810 1562 τόν
831 1500 966 1563 ἐπαίνου
987 1500 1133 1563 τοσούτου
1156 1500 1365 1564 παντάπασιν
1380 1500 1573 1575 ἀποδέοντα,
1597 1502 1674 1564 ώοτε
1687 1526 1742 1582 μοι
1758 1503 1860 1575 διττός
1873 1526 1919 1576 τις
1933 1503 2091 1588 ἐνέσκηψε

498 1607 647 1684 λογισμός
669 1605 721 1667 ἐπ’
744 1601 847 1687 αὐτῷ·
894 1604 1066 1667 ίέπελθών
1096 1606 1159 1684 γάρ
1188 1607 1222 1667 τδ
1245 1603 1395 1685 γράμμα,
1427 1603 1645 1686 διεταράχθην
1674 1608 1734 1684 μέυ
1764 1604 1893 1686 ἀθρόον
1925 1607 2006 1687 πρὸς
2035 1608 2092 1690 τήν

498 1707 692 1785 ἀνάγνωσιν,
710 1705 820 1788 ἐπειδὴ
834 1708 890 1789 τήν
903 1705 1075 1783 ἐπίγνωσιν
1089 1707 1145 1771 οὐκ
1163 1707 1226 1786 είχε
1241 1707 1493 1791 σονεζευγμένην,
1518 1713 1572 1768 καὶ
1586 1711 1640 1790 τῆν
1655 1712 1834 1788 παροιμίαν
1848 1714 1903 1790 τήν
1915 1707 2088 1790 φλύαρον*

496 1813 542 1885 είς
571 1812 648 1873 νοῦν
676 1808 840 1893 ἐβαλόμην
869 1810 990 1892 μήποτέ
1011 1833 1038 1872 τι
1062 1811 1147 1887 λέγοι
1169 1815 1229 1872 τῶν
1251 1810 1408 1895 ἀληθῶν,
1441 1808 1484 1884 ώς
1505 1812 1571 1893 ἀρα
1592 1808 1718 1894 τυφλόν
1738 1812 1801 1874 ἐστι
1822 1815 1857 1875 τὸ
1879 1812 1996 1894 φιλοῦν
2019 1817 2090 1893 περὶ

495 1913 530 1978 zo*
554 1911 756 1997 φιλούμενον,
779 1914 834 1972 καί
855 1909 903 1973 δτι
926 1911 1058 1975 δικάσαι
1082 1919 1135 1976 καὶ
1158 1917 1388 1996 παραφθείροι
1411 1913 1515 1977 δειναὶ
1544 1919 1600 1987 τὰς
1622 1919 1684 1976 τών
1706 1915 1879 1994 κρινόντων
1901 1917 2030 1996 γνώμας
2051 1911 2088 1977 ai

496 2018 636 2082 εὔνοιαι·
661 2016 760 2093 8ταχύ
782 2013 812 2075 δ’
831 2013 970 2093 ἐμαυτόν
991 2014 1169 2096 ἀναλαβών
1191 2021 1245 2078 καί
1267 2020 1387 2093 συνείς,
1410 2022 1464 2100 τῆς
1485 2017 1633 2089 ἐναντίας
1653 2020 1769 2093 γέγονα
1792 2015 1928 2100 γνώμης,
1952 2023 1986 2079 τό
2010 2016 2089 2081 ἀδέ-

496 2119 613 2183 καστόν
640 2141 671 2181 τε
699 2119 753 2182 τοῦ
774 2116 920 2193 λέγοντος
940 2122 994 2179 καὶ
1014 2125 1048 2180 τό
1073 2117 1202 2198 ἀκριβὲς
1224 2126 1295 2199 περὶ
1318 2117 1425 2182 πάντα
1447 2123 1502 2181 καί
1522 2119 1704 2202 φιλάληθες
1725 2116 2009 2198 ὑπολογισάμενος,
2032 2125 2087 2182 καί

498 2226 542 2298 ώς
563 2220 619 2287 οὐκ
643 2224 685 2283 ἀν
706 2219 724 2283 ὐ
743 2224 898 2294 τοσοῦτος,
923 2219 1123 2293 δικαιότατός
1143 2246 1173 2284 τε
1196 2228 1250 2285 καί
1267 2223 1415 2307 φίλτατος
1428 2222 1583 2303 ὐπάρχων
1601 2222 1681 2301 ἐμοί,
1704 2220 1759 2284 διά
1774 2225 1865 2304 κενῆς
1880 2223 2024 2305 ἐξηπάτα
2038 2246 2089 2303 με,

452 2400 467 2423 ·
495 2329 534 2390 τά
556 2325 599 2408 μῆ
623 2329 786 2406 προσόντα
807 2321 970 2407 τηνάλλως
994 2325 998 2413 Ι
1020 2326 1249 2405 προσπλάττων
1279 2332 1333 2387 καὶ
1354 2327 1556 2408 περιόπτων,
1589 2323 1675 2387 ἀλλά
1699 2329 1790 2387 πάσα
1812 2325 1941 2399 πάντως
2030 2327 2087 2392 85¹

496 2420 621 2509 ἀνάγκη
643 2428 676 2489 τδ
699 2425 823 2510 άληθές
846 2425 944 2499 οὕτως
965 2427 1057 2512 ἔχειν,
1080 2430 1200 2492 ἑκείνου
1223 2429 1377 2507 λέγοντος.
1428 2429 1522 2491 ιἐπεὶ
1545 2429 1580 2490 δὲ
1603 2427 1645 2501 ώς
1668 2428 1769 2489 ἔοικεν
1792 2428 1906 2517 ἀμαθῆ
1928 2433 1988 2492 τιυὶ
2009 2428 2085 2512 τύχη

494 2531 635 2612 έμαυτύν
664 2532 762 2594 ταῦτα
791 2531 946 2604 πέπεικα,
977 2528 1020 2605 ὦς
1049 2531 1084 2607 ἐξ
1114 2531 1252 2612 οὐρανοῦ
1277 2534 1348 2595 τινά
1381 2535 1499 2616 ψῆφον
1528 2530 1688 2613 ἐδεξάμην
1719 2532 1774 2613 τῆν
1802 2536 1998 2614 μαρτυρίαν,
2033 2537 2089 2594 καὶ

496 2634 694 2719 ἀμφοτέραις
714 2634 749 2697 τύ
773 2631 878 2712 δώρον
899 2633 977 2711 μεθ’
997 2633 1115 2718 ῆδονῆς
1138 2638 1212 2719 ὅσης
1234 2634 1383 2719 ῆρπασα,
1417 2640 1472 2698 καὶ
1502 2635 1609 2709 δεξιύν
1629 2634 1752 2717 ἐθέμην
1775 2635 1850 2699 αὐτό
1874 2641 1927 2716 τῆς
1948 2636 2087 2715 ἐμαυτοῦ

496 2740 575 2824 ζωῆς
596 2737 724 2802 οἰωνόν.
769 2736 825 2798 ὁἐν
846 2734 876 2797 δ’
898 2733 984 2815 ὅμως
1006 2736 1049 2800 ὅτι
1072 2741 1209 2819 θορυβεῖ
1226 2761 1267 2818 με
1288 2743 1343 2800 καὶ
1361 2740 1499 2819 θράττει,
1521 2738 1644 2820 μήποτέ
1660 2753 1718 2799 σου
1728 2746 1793 2810 τοίς
1808 2738 1893 2814 άγαν
1908 2734 2086 2820 ὐπερφυέσι

493 2843 613 2916 τούτοις
641 2842 787 2913 ἐπαίνοις
814 2837 1040 2915 ἀναπεισθείς,
1073 2841 1111 2904 οὐ
1140 2844 1303 2916 καθεκτὸς
1327 2843 1370 2904 ἔτι
1395 2844 1554 2920 γένωμαι,
1593 2839 1660 2905 οὐδ’
1691 2839 1884 2920 ἀνάσχωμαι
1914 2845 2022 2921 μένειν
2051 2841 2089 2903 έν

494 2935 680 3026 ἐμαυτοῦὼ,
703 2942 776 3005 ἀλλ’
798 2938 861 3006 ὐπδ
884 2942 1077 3026 θερμότητος
1098 2946 1173 3019 ἴσως
1194 2948 1216 3028 ῆ
1237 2950 1291 3006 καὶ
1313 2946 1506 3027 κουφότητος
1528 2943 1711 3025 ἀναπτῆναι
1729 2948 1809 3026 πρὸς
1823 2945 1909 3020 ῦψος
1931 2945 1972 3007 δι’
1990 2942 2090 3027 ἀέρος

493 3043 700 3129 ἐπιχειρήσω,
730 3049 784 3108 καὶ
813 3044 858 3116 είς
888 3046 1025 3128 νεφέλας
1055 3050 1253 3130 θρασύτερον
1284 3048 1433 3131 ἀρθῆναι
1455 3046 1729 3129 παραβιάσωμαι,
1760 3047 1803 3119 τός
1825 3046 1885 3128 ῆδη
1909 3050 1963 3107 καὶ
1985 3048 2084 3128 πτερά

494 3148 671 3233 περιφύσας
692 3145 755 3212 ὐπδ
772 3151 841 3210 τών
863 3153 928 3209 σών
950 3148 1108 3233 λαμπρῶν
1130 3149 1246 3228 λόγων,
1269 3157 1324 3212 καὶ
1345 3151 1391 3224 είς
1414 3149 1508 3213 ἀετόν
1529 3151 1723 3233 παραδόξως
1745 3153 1781 3225 ἐξ
1802 3145 1901 3229 οὗπερ
1923 3149 1986 3230 είμί
2005 3154 2088 3224 νυνί,

492 3254 771 3336 μετασκευασθείς.
825 3248 879 3311 6τό
911 3250 940 3312 δ’
970 3251 1059 3343 ἑξῆς,
1093 3257 1121 3316 ώ
1149 3259 1202 3319 τοῦ
1231 3253 1422 3334 πτώματοςί
1455 3257 1559 3334 βαβαί
1584 3261 1638 3316 καὶ
1669 3258 1724 3317 τού
1746 3251 1899 3330 ίέλωτοςί
1933 3253 1964 3314 εί
1983 3275 2028 3326 τις
2050 3253 2085 3316 ἐκ

493 3359 606 3437 καινῆς
628 3359 682 3415 καὶ
701 3353 879 3416 Ἰωάννειον
901 3352 1057 3432 πέλαγος,
1089 3357 1132 3432 ώς
1154 3356 1185 3420 οἳ
1207 3358 1343 3420 παλαιοί
1365 3361 1398 3420 τύ
1419 3357 1574 3437 Ἰκάριον,
1597 3357 1724 3422 ἀκούσει
1747 3362 1801 3418 καί
1824 3357 1952 3438 ὄψεται.
1998 3356 2085 3418 ἵεέτα

493 3463 538 3535 τίς
560 3457 636 3542 ῆμίν
656 3464 710 3540 τῆς
731 3455 846 3529 ἀνοίας
869 3458 888 3539 ῆ
908 3459 961 3539 τῆς
982 3464 1172 3541 προπετείας
1193 3463 1412 3538 συγγνώσεται,
1435 3466 1470 3524 οί
1490 3460 1562 3544 μηδ’
1580 3458 1658 3522 ὅσον
1672 3463 1808 3542 κηρίνων
1824 3459 1948 3532 ἑαυτοῖς
1962 3463 2089 3539 πτερών

493 3562 740 3644 εὐπορήσαντες,
765 3560 771 3648 Ι
795 3559 882 3641 δμως
902 3561 1112 3646 ὐπερνέφελοι
1136 3569 1188 3625 καὶ
1211 3563 1314 3644 ἀέριοι
1338 3564 1593 3647 παρεβαλύμεθα
1618 3567 1798 3645 φέρεσθαι,
1845 3561 1938 3624 8ἀλλ’
2027 3562 2085 3628 852

493 3667 623 3747 ἐπείπερ
655 3663 703 3750 (εὐ
724 3664 813 3747 οῖδα)
841 3676 906 3738 τοίς
934 3665 1125 3740 ἀποστόλοις
1157 3665 1232 3747 ῦμίν
1265 3668 1361 3740 οὐτοις
1391 3668 1535 3747 ένεργούς
1565 3671 1618 3728 καί
1648 3671 1717 3738 τοῦς
1748 3664 1865 3740 λόγους
1892 3661 1909 3726 ὐ
1940 3662 2090 3744 ὐμέτερος

494 3766 690 3840 διδάσκαλος
718 3766 829 3844 ἔθετο,
863 3770 939 3833 ώστε
971 3775 1024 3833 καὶ
1052 3770 1111 3853 ὄρη
1139 3770 1180 3832 δι’
1213 3770 1317 3835 αὐτών
1345 3771 1558 3853 μεθιστάναι,
1591 3775 1645 3830 καί
1677 3768 1842 3832 δύνασθαι
1864 3773 2000 3831 τοσαῦτα
2024 3767 2085 3829 ὅσα

493 3871 639 3943 κάκεῖνος
666 3905 711 3919 -
739 3871 782 3933 ἒώ
812 3871 874 3956 γάρ
902 3876 978 3945 τέως
999 3874 1033 3935 τὸ
1064 3877 1117 3933 καί
1143 3872 1272 3953 μείζονα
1295 3872 1413 3937 τούτων
1433 3909 1497 3947 -,
1530 3870 1605 3937 οὐδὲ
1633 3874 1722 3935 τοῦτο
1745 3870 1872 3944 πάντως
1894 3870 2088 3933 ἀνέλπιστον

491 3974 606 4048 τελέως
627 3971 717 4055 ῆμίν,
746 3976 834 4055 εἴπερ
857 3979 958 4057 φέρον
979 3998 1008 4038 τι
1029 3974 1140 4055 κέρδος
1163 3978 1239 4057 παρ’
1262 3974 1352 4058 ῆμών
1376 3976 1597 4059 ἐσπουδάσθη.
1643 3972 1741 4036 9ὅταν
1764 3975 1800 4035 δὲ
1822 3977 1856 4037 τό
1880 3974 1971 4057 παρά
1989 3975 2088 4056 φύσιν

492 4081 548 4142 καὶ
569 4080 602 4140 τό
627 4074 791 4140 ἀδύνατον
811 4078 949 4142 δυνατόν
974 4077 1051 4162 η’μίν
1073 4077 1215 4161 ὐπετέθη
1246 4079 1301 4142 διά
1332 4082 1388 4160 τῆν
1417 4080 1523 4141 πάντα
1554 4079 1693 4160 δυνατήν
1715 4076 1829 4158 ἀρετήν
1851 4097 1908 4139 σου
1930 4115 1975 4130 -
1997 4080 2086 4158 είπερ

494 4180 670 4256 ἀδύνατον,
701 4178 887 4263 ἀεροβατείν
917 4180 952 4245 τύ
984 4181 1095 4257 πεζόν,
1124 4189 1179 4245 καὶ
1207 4185 1241 4245 τό
1275 4185 1318 4264 μή
1349 4187 1508 4263 πτερωτόν
1543 4192 1667 4260 πτεροῖς
1697 4184 1841 4266 χρῆσθαι
1875 4220 1924 4256 -,
1959 4185 2029 4254 πώς
2049 4182 2092 4244 οὐ

493 4284 623 4369 σφόδρα
646 4286 852 4368 θαρρήσομεν
874 4290 1021 4365 περὶτοῦ
1044 4288 1123 4348 κατά
1157 4284 1256 4369 φύσιν
1285 4291 1338 4347 καὶ
1369 4285 1526 4365 δυνατούς
1559 4290 1647 4350 τοῦτο
1678 4285 1714 4347 δέ
1745 4307 1827 4367 φημι
1854 4286 1908 4366 τῆν
1937 4285 2093 4362 χαμόθεν

493 4391 629 4472 ἔπαρσιν
660 4391 712 4472 τῆς
744 4393 868 4472 ψυχῆς,
900 4392 953 4470 τῆς
981 4386 1170 4472 λεπτοτάτης
1200 4387 1294 4471 φύσει
1324 4394 1377 4449 καὶ
1401 4390 1520 4472 κούφης
1549 4395 1603 4451 καί
1625 4391 1693 4450 ἀνω
1716 4390 1879 4470 φέρεσθαι
1906 4389 2088 4469 πεφυκυίας

494 4493 577 4556 ὅθεν
599 4491 657 4577 (ώς
678 4491 786 4579 λόγος)
817 4497 871 4554 καὶ
903 4497 955 4575 τήν
981 4491 1093 4575 ἑαυτῆς
1116 4493 1178 4572 ἔχει
1200 4497 1331 4568 γένεσιν.
1389 4492 1416 4532 ¹⁰
1428 4500 1517 4558 τοῦτο
1552 4499 1718 4573 τοιγαροῦν
1750 4493 1886 4572 βεβαίως
1915 4489 2091 4570 έλπίσομεν

493 4596 549 4659 διά
570 4598 625 4658 τόν
647 4593 745 4673 λόγον
768 4595 806 4657 δν
827 4601 970 4678 εἴρηκας,
1000 4601 1055 4658 καὶ
1084 4594 1277 4670 ἀδιστάκτως
1306 4598 1529 4676 πιστεύσομεν,
1561 4595 1605 4670 ώς
1636 4596 1769 4675 ἀμεινον
1791 4598 1920 4669 πάντως
1942 4593 1981 4658 τά
2005 4593 2092 4656 κατά

564 4844 579 4877 τ
598 4822 723 4894 φλύαρον
740 4839 777 4879 an
792 4823 917 4893 φλυάρον
936 4820 978 4878 O?
997 4822 1168 4877 Studomund
1182 4825 1217 4888 18
1237 4821 1330 4876 Matth
1349 4841 1389 4888 21,
1408 4841 1436 4875 τι
1458 4821 1595 4877 Iohannes
1615 4843 1652 4889 14,
1672 4842 1700 4878 ιτ
