4560 6172
1898 572 1942 635 83

348 734 432 798 ἀλλά
464 739 517 796 καῖ
550 734 587 795 τά
617 733 729 812 πόρρω
760 733 1067 814 περιλαμβάνουσαν
1096 741 1264 819 τηνικαῦτα
1297 741 1349 798 καλ
1380 742 1479 801 ταῦτα
1486 784 1498 813 ,
1528 734 1666 823 ὁπηνίκα
1695 732 1939 824 πληθυνθείσης

342 848 393 926 τῆς
415 840 553 921 ἀνομίας
575 839 672 923 (κατά
701 838 734 900 τδ
766 840 1018 924 γεγραμμένον*)
1047 844 1101 901 καλ
1128 852 1192 914 τοῖς
1214 840 1318 904 πάλαι
1341 838 1518 922 συνήθεσιν
1539 843 1560 925 ἢ
1584 843 1587 929 η
1613 846 1667 906 καλ
1689 843 1795 918 άλλως
1881 846 1938 911 96¹

342 947 505 1028 φιλτάτοις
533 943 731 1025 ἐναπεψῦγη.
785 941 876 1020 θέμυί
907 946 983 1016 γοῦν
1014 943 1113 1030 (ἴσθι)
1145 951 1198 1006 καὶ
1229 943 1372 1008 ἀπιστεῖν
1403 945 1446 1010 ἔτι
1475 947 1577 1011 ἔπεισι
1604 951 1648 1031 τῷ
1678 953 1733 1012 τοῦ
1767 949 1937 1027 θαύματος

343 1054 434 1134 ξένῳ,
471 1051 523 1109 καὶ
546 1044 625 1125 ὑπὲρ
648 1046 703 1126 τήν
727 1051 779 1109 νῦν
803 1044 965 1108 πολιτείαν
989 1069 1019 1108 τε
1042 1051 1094 1108 καλ
1117 1050 1308 1110 κατάποσιν
1329 1045 1466 1128 ἡγοῦμαι
1488 1053 1544 1134 τήν
1565 1049 1725 1131 εὐτυχίαν·
1757 1051 1827 1114 ἀλλ’
1849 1055 1937 1132 εἴπερ

343 1152 398 1216 οὑκ
422 1154 503 1232 ὄναρ
510 1198 520 1226 ,
552 1147 624 1211 ἀλλ’
648 1148 735 1228 ῦπαρ
757 1147 892 1230 ἀληθῶς
914 1152 952 1212 τό
977 1150 1094 1229 παρόν,
1119 1150 1253 1230 δέχομαί
1274 1174 1305 1213 τε
1325 1154 1359 1213 τδ
1384 1155 1518 1235 πρᾶγμα
1541 1152 1620 1233 μετά
1642 1158 1845 1236 περιχαρείας
1868 1155 1938 1237 ήλί·

344 1279 407 1335 κης,
433 1259 485 1315 καὶ
508 1251 707 1334 ἀμφοτέραις
725 1244 866 1332 Ιὑιρπάζω
889 1254 921 1314 τό
947 1253 1121 1334 πολύτιμον
1143 1257 1287 1332 έρμαιον,
1317 1254 1414 1336 φίλον
1442 1279 1473 1317 τε
1503 1259 1558 1319 τόν
1580 1256 1686 1337 ἀνδρα
1709 1257 1860 1321 έντεῦθεν
1882 1262 1936 1319 καλ

345 1363 407 1420 τῶν
430 1357 536 1440 φίλων
558 1356 712 1438 φίλτατον
733 1358 881 1434 τίθεμαι,
916 1361 970 1417 καὶ
1000 1356 1110 1430 δεξιάν
1139 1356 1200 1439 ἤδη
1229 1357 1344 1438 δίδωμι
1373 1358 1449 1437 μεθ’
1473 1357 1547 1441 ὅσης
1569 1362 1623 1441 τής
1645 1364 1849 1441 προθυμίας,
1883 1368 1937 1423 καλ

347 1462 462 1524 ὑσανεί
483 1483 553 1523 τινα
575 1470 665 1539 χεῖρα
687 1463 743 1540 τήν
765 1459 931 1539 ἐπιστολήν
954 1459 1123 1539 μακρόθεν
1151 1455 1324 1539 έμβάλλω,
1358 1460 1423 1544 ὅλην
1455 1483 1486 1522 τε
1517 1461 1591 1534 όλσς
1620 1462 1680 1545 ἤδη
1711 1469 1765 1524 καὶ
1795 1463 1857 1543 πρδ
1885 1470 1937 1547 τῆς

347 1569 429 1638 θέας
451 1564 581 1643 ἑνοῦμαι
606 1567 659 1623 καὶ
682 1563 901 1642 ἀνακίρναμαι
927 1561 1074 1643 ἀρρήτοις
1096 1567 1155 1624 τισὶ
1176 1567 1230 1623 καὶ
1253 1566 1431 1644 θειοτέροις
1453 1562 1599 1640 ένῶσεσι,
1633 1568 1711 1627 καθ’
1734 1565 1773 1638 ἀς
1794 1565 1938 1631 ἑνοῦνται

347 1679 467 1751 ψυχαῖς
491 1667 544 1730 διὰ
568 1671 630 1728 τῶν
657 1667 796 1747 φίλτρων
821 1670 934 1744 ψυχαί.
981 1665 1080 1728 *ῶστε
1109 1663 1163 1730 οῦν
1196 1665 1256 1747 ἤδη
1284 1666 1389 1745 ἔμοιγε
1420 1677 1484 1740 τοῖς
1512 1665 1570 1730 ἀπ’
1602 1668 1701 1751 ἀρχῆς
1723 1673 1939 1749 στεργομένοις

347 1779 400 1834 καί
423 1772 440 1835 ὁ
465 1776 627 1852 νεοφανης
648 1775 701 1829 καὶ
724 1769 909 1848 παράδοξος
932 1772 1223 1850 προσεγγέγραπται
1248 1768 1355 1850 φίλος·
1382 1770 1599 1854 ἐγγεγράφθω
1622 1772 1662 1855 δη“
1678 1771 1864 1855 τελεώτερον
1884 1777 1939 1835 καλ

348 1876 365 1937 ὑ
388 1874 525 1957 γράφων
547 1873 583 1935 ἐν
606 1882 670 1943 τοῖς
695 1871 836 1946 ἐκείνου,
867 1876 918 1932 καί
941 1870 1116 1950 ἀποδῶμεν
1146 1872 1300 1955 ἀλλήλοις
1329 1874 1362 1936 τδ
1386 1873 1590 1940 δικαιότατον
1606 1876 1781 1960 ’ὄφλημα*,
1811 1875 1938 1958 μᾶλλον

349 1980 384 2042 δὲ
407 1977 622 2055 ἀπονέμοντες
644 1977 794 2037 ἐντεῦθεν
816 1975 859 2057 μή
884 1975 1092 2056 διαλίπωμεν,
1115 1983 1170 2059 τήν
1192 1976 1434 2059 ἀναδιδομένην
1458 1978 1557 2059 δῆλον
1579 1980 1625 2042 ὅτι
1648 1984 1760 2064 ταύτην
1775 1980 1937 2062 διάθεσιν,

349 2087 403 2144 καλ
435 2083 468 2145 τδ
503 2080 623 2153 ἀλλους
653 2077 782 2151 ὑαυτοῦς
814 2077 973 2159 ἀλλήλους
1004 2078 1177 2161 ἡγεῖσθαι*
1209 2086 1263 2141 καί
1293 2084 1347 2142 τδν
1377 2082 1603 2161 ἀκριβέστατον
1632 2083 1709 2166 όρον
1738 2093 1790 2168 τῆς
1827 2084 1938 2169 φιλίας

351 2188 523 2271 λάτρεπτον
538 2184 655 2266 σφ’ζειν,
678 2183 757 2264 ὅπερ
779 2182 817 2265 δή
834 2187 1058 2262 πραγματειῶν
1080 2183 1098 2265 ή
1122 2188 1246 2266 μεγίστη
1268 2189 1321 2245 καὶ
1344 2183 1620 2266 συναλλαγμάτων
1641 2187 1795 2250 ἁπάντων
1882 2189 1939 2253 96²

349 2293 382 2352 τδ
400 2287 653 2353 λυσιτελέστατόν
669 2309 700 2348 τε
716 2291 770 2347 καὶ
787 2285 967 2348 κάλλιπον.
1012 2286 1118 2349 ὗάλλά
1132 2308 1196 2367 μου
1219 2290 1293 2349 ποτὲ
1317 2292 1369 2349 καὶ
1391 2299 1460 2362 ταῖς
1484 2290 1655 2372 αἰσθηταῖς
1676 2290 1802 2363 ταύταις
1821 2289 1939 2372 ὄψεσιν

348 2391 514 2475 ἐγγύτερον
536 2393 726 2474 έποφθείης,
747 2388 902 2468 ὑγιαίνων
923 2388 958 2454 εὑ
979 2390 1113 2470 ἔχοντος,
1137 2397 1190 2452 καὶ
1211 2394 1332 2473 χαίρων
1354 2388 1410 2454 οὑκ
1434 2387 1646 2473 ἀθυμοῦντος,
1670 2395 1711 2454 ἵν’
1731 2392 1882 2477 ἀλλήλων
1904 2395 1939 2457 έν

351 2501 450 2562 πᾶσιν
473 2495 518 2570 οίς
540 2500 710 2573 ποθοῦμεν
732 2497 1033 2578 κατατρυφήσωμεν.

441 2603 533 2668 158.
559 2597 607 2664 νδ.
632 2596 702 2658 1Ἐν
723 2597 855 2671 πολλοῖς
878 2608 987 2670 κακοῖς
1009 2602 1063 2658 καὶ
1085 2598 1240 2671 ποικίλοις
1261 2595 1308 2670 τίς
1335 2598 1555 2679 ἐνευθηνεῖται
1586 2596 1603 2681 ή
1633 2599 1740 2681 χῶρα,
1774 2605 1809 2663 ἓν
1838 2602 1939 2684 εὑρεῖν
2026 2656 2029 2665 .

351 2704 471 2789 ἤλπισα
494 2706 625 2786 χρηστὸν
646 2701 696 2763 ἐπ’
720 2700 824 2783 αὐτῆς,
849 2700 953 2782 ῶσπερ
975 2700 1101 2784 ήδιστον
1124 2700 1223 2784 ῥόδον
1246 2699 1407 2764 ἀκανθῶν
1428 2701 1464 2762 ἐν
1485 2703 1572 2785 μέσῳ
1594 2700 1859 2788 διαφαινόμενον,
1885 2702 1940 2786 τήν

352 2812 409 2892 σήν
431 2806 592 2890 ὁσιότητα,
625 2804 747 2868 ἐκλεκτέ
772 2807 851 2868 θεοῦ
873 2806 1055 2888 ἄνθρωπε*
1078 2809 1131 2866 καὶ
1153 2809 1251 2890 πάτερ
1274 2803 1402 2888 ἡμέτερε
1425 2809 1477 2865 καὶ
1499 2803 1575 2886 φίλε
1605 2807 1659 2866 καὶ
1680 2804 1819 2889 ἀδελφέ·
1853 2806 1938 2870 ἀλλά

351 2914 406 2972 καλ
427 2905 502 2973 αύτδ
527 2909 558 2970 τδ
582 2911 618 2971 ἐν
640 2908 773 2985 ἀγαθὸν
794 2903 833 2971 οὑ
855 2918 959 2988 τυχεῖν
982 2908 1221 2991 προσεδόκησα,
1257 2908 1387 2990 μακράν
1417 2906 1477 2972 ἀπ’
1506 2908 1584 2988 ἐμοῦ
1612 2909 1695 2984 ἐστί,
1727 2915 1780 2971 καὶ
1801 2915 1940 2991 μετέχειν

353 3013 408 3080 οὑκ
431 3015 548 3089 ἔξεστιν
571 3009 641 3078 ούδ’
665 3010 844 3078 ἀπολαύειν
866 3011 962 3078 αὑτοῦ
991 3013 1044 3075 διά
1075 3017 1130 3095 τήν
1160 3011 1321 3076 ἀπουσίαν
1352 3017 1406 3074 καί
1437 3013 1494 3094 τήν
1515 3009 1691 3076 διάστασιν.
1738 3012 1828 3076 ῗέπεῖ
1852 3014 1942 3077 δὲτὸ

352 3125 478 3200 πρῶτον
500 3116 601 3178 καλὸν
622 3116 683 3179 ὑπὸ
706 3119 758 3197 τῆς
779 3115 929 3200 ἐπηρείας
951 3114 1131 3206 ἀφῄρημαι,
1155 3116 1173 3179 ὃ
1196 3115 1312 3180 λοιπδν
1333 3115 1473 3179 δυνατόν
1495 3115 1586 3191 ἐστιν,
1612 3111 1711 3197 ήδέως
1734 3120 1837 3179 ποιῶ·
1860 3119 1939 3178 κατά

351 3225 450 3304 μέσην
474 3217 524 3282 ἀεί
546 3235 581 3281 σε
602 3220 657 3301 τήν
680 3222 789 3303 ψυχήν
818 3223 998 3302 περιφέρω,
1032 3224 1085 3281 καῖ
1113 3223 1149 3309 τῇ
1172 3223 1211 3309 σῇ
1234 3223 1313 3282 κατά
1339 3223 1416 3283 νοῦν
1438 3218 1691 3301 έπαναπαύομαι
1714 3225 1856 3304 θεωρίᾳ,
1887 3226 1941 3283 καὶ

351 3330 387 3414 τή
409 3326 517 3412 μνήμη
540 3324 731 3406 κουφίζομαι
755 3328 810 3384 καὶ
831 3321 923 3406 ῥᾴων
944 3322 1082 3403 ἐμαυτοῦ
1102 3327 1242 3404 γίνομαι,
1266 3329 1320 3385 καλ
1342 3326 1429 3389 τοῦτο
1445 3323 1549 3404 μόνον
1560 3318 1691 3403 εὑρίσκω
1713 3328 1776 3387 τῶν
1797 3324 1942 3406 ἀνιαρῶν

352 3435 415 3495 τῶν
437 3430 509 3513 τήδε
533 3426 743 3511 παραψυχήν,
769 3427 813 3501 ῶς
833 3429 873 3489 τά
895 3451 929 3506 γε
952 3428 1038 3491 ἀλλα
1060 3428 1181 3510 πολλῆς
1203 3428 1320 3511 ἀηδίας
1340 3452 1396 3510 μοι
1418 3432 1472 3490 καὶ
1494 3427 1630 3510 ἀκηδίας
1654 3427 1657 3513 ή
1681 3430 1795 3508 μεστά·
1884 3429 1940 3493 9λι

351 3533 396 3609 οίς
418 3537 566 3597 τοσοῦτον
589 3535 723 3612 περίεστι
744 3536 797 3595 τοῦ
820 3531 939 3613 ἀηδοῦς
961 3538 1015 3594 καὶ
1038 3537 1168 3612 πικροῦ,
1201 3532 1277 3595 ῶστε
1309 3538 1362 3594 καλ
1392 3530 1467 3612 ὑμῖν
1491 3528 1595 3603 αὑτοῖς
1616 3529 1693 3613 ήδη,
1725 3542 1789 3603 τοῖς
1812 3531 1942 3596 πολλῶν

352 3643 406 3700 καλ
426 3636 538 3699 ἀλλων
560 3641 668 3697 κακῶν
691 3640 936 3717 πεπειραμένοις
958 3635 1130 3710 πολλάκις,
1155 3640 1208 3698 καὶ
1230 3639 1262 3698 τδ
1286 3638 1493 3698 κακοπαθεῖν
1512 3635 1547 3709 ἐξ
1571 3634 1671 3707 ἔθους
1692 3631 1941 3714 δεδιδαγμένοις,

351 3747 413 3805 τῶν
437 3743 590 3823 συνήθων
613 3740 742 3802 ἐκείνων
765 3739 963 3819 ὑμολογεῖται
984 3739 1153 3822 βαρύτερα.
1209 3739 1259 3802 ἐἰ
1281 3739 1317 3801 δέ
1339 3744 1419 3820 πρός
1441 3737 1526 3816 ὑμᾶς
1548 3736 1628 3800 οὑτω
1651 3741 1766 3812 ταῦτα,
1796 3737 1941 3801 ἐννοείτω

353 3861 409 3909 σου
440 3847 473 3908 τδ
504 3849 574 3926 περὶ
602 3843 710 3906 πάντα
739 3847 868 3906 συνετόν
898 3849 951 3906 καὶ
980 3843 1131 3923 ἀγχίνουν
1161 3841 1212 3906 οία
1241 3845 1321 3925 πρδς
1350 3840 1434 3926 ήμάς
1461 3841 1547 3914 εῑκδς
1575 3842 1659 3904 εἶναι
1687 3845 1756 3915 τοῦς
1784 3843 1829 3915 είς
1850 3842 1943 3905 ἀπαν

352 3951 470 4035 ἀήθεις
492 3957 563 4030 περὶ
593 3950 631 4012 τά
662 3952 791 4011 τοιαῦτα
822 3952 875 4008 καὶ
903 3948 1124 4029 ἀγυμνάστους
1156 3953 1208 4008 καὶ
1237 3948 1292 4009 τδν
1320 3947 1393 4026 ἀχρι
1424 3948 1482 4010 νῦν
1508 3948 1580 4025 βίον
1609 3948 1720 4027 πόρρω
1750 3943 1943 4023 καταιγίδων

352 4057 499 4120 τοιούτων
521 4059 575 4115 καλ
596 4053 744 4132 κυμάτων
764 4050 953 4131 βιάσαντας.
998 4051 1116 4116 *ταῦτα
1139 4050 1178 4134 δή
1202 4049 1402 4129 λογιζόμενος
1432 4054 1504 4129 περλ
1525 4048 1627 4134 ήμῶν,
1659 4053 1712 4109 καί
1741 4053 1870 4112 σκοπῶν
1899 4055 1942 4132 μή

352 4160 464 4241 ἀμέλει
486 4162 538 4242 τῆς
560 4158 694 4220 ἀνωθεν
717 4153 936 4237 δεδωρημένης
959 4173 1008 4219 σοι
1029 4161 1157 4235 χάριτος
1181 4192 1217 4202 -
1242 4153 1328 4216 ἀλλοὶ
1351 4156 1390 4249 εδ.
1410 4154 1446 4217 ἐν
1468 4157 1518 4216 σοὶ
1540 4154 1717 4234 περιττεῦον
1738 4153 1773 4215 έν
1795 4176 1825 4216 τε
1849 4157 1944 4235 πείρᾳ

351 4264 549 4349 πραγμάτων
577 4266 630 4323 καὶ
655 4263 761 4343 ψυχῆς
782 4249 975 4341 γενναιότητι
1004 4265 1058 4320 καί
1081 4261 1169 4346 σοφή
1189 4256 1370 4340 κυβερνήσει
1395 4257 1566 4329 δυσκολίας
1587 4260 1709 4338 καιρῶν
1738 4260 1793 4317 καί
1813 4259 1850 4344 τῇ
1873 4260 1944 4338 περὶ

351 4368 453 4435 τάλλα
477 4367 631 4452 φρονήσει
654 4369 709 4424 καὶ
731 4361 883 4445 δεξιότητι
912 4362 956 4434 εἰς
988 4367 1019 4425 τι)
1050 4363 1086 4425 ἐν
1115 4365 1194 4424 πᾶσι
1223 4361 1345 4435 τούτοις
1366 4355 1526 4446 ὑστέρημα
1548 4356 1639 4444 ήμῶν
1660 4359 1821 4423 ἀποκένου
1845 4359 1945 4441 φιλα-

351 4475 465 4553 γάθως
488 4477 541 4534 καλ
562 4465 745 4551 μεταδίδου,
768 4464 992 4547 ἀνακτάμενός
1011 4489 1041 4528 τε
1062 4466 1116 4528 διά
1133 4470 1271 4547 γραφῶν
1288 4470 1343 4527 καὶ
1357 4468 1561 4550 χειραγωγῶν
1573 4463 1627 4526 διά
1645 4463 1758 4541 λόγων,
1781 4463 1945 4536 ὑποτιθείς

352 4599 383 4641 τε
411 4579 444 4640 τδ
476 4575 552 4638 δέον
580 4578 634 4634 καὶ
665 4574 699 4636 τδ
728 4575 894 4653 συμφέρον
921 4568 1101 4643 διδάσκων,
1134 4573 1167 4631 τδ
1199 4568 1235 4632 δὲ
1266 4580 1403 4649 κρεῖττον
1431 4571 1475 4633 ἔτι
1507 4572 1561 4630 καὶ
1589 4566 1712 4648 μεῖζον,
1742 4576 1811 4640 ταῖς
1839 4565 1945 4646 εὐχαῖς

350 4682 504 4760 ἐνισχύων
537 4683 590 4739 καὶ
613 4677 696 4752 ὅλως
719 4676 808 4761 ήμῶν
830 4675 885 4760 τήν
908 4673 1059 4753 ἀπειρίαν
1079 4671 1302 4758 ὑποστηρίζων,
1336 4679 1391 4736 ίνα
1422 4676 1466 4760 μή
1489 4673 1609 4762 ἐκλίήπη
1640 4670 1752 4744 τελέως
1780 4669 1798 4752 ή
1887 4670 1945 4736 97²

355 4784 487 4870 ἡμετέρα
511 4784 608 4863 ίσχύς,
630 4784 667 4871 τῇ
692 4779 825 4862 ἀμετρίᾳ
847 4801 878 4841 τε
901 4782 963 4840 τῶν
986 4780 1094 4840 κακῶν
1122 4782 1292 4841 πιεσθεῖσα
1299 4825 1310 4855 ,
1345 4784 1398 4840 καλ
1427 4783 1470 4864 τῷ
1500 4788 1625 4858 συνεχεῖ
1652 4779 1706 4838 καί
1736 4771 1852 4859 ἀθρόῳ
1882 4778 1947 4837 τῶν

423 4908 550 4964 ιΜειέθι
571 4927 611 4973 24,
630 4925 659 4959 τε
676 4909 712 4971 14
731 4903 801 4958 Rom
823 4906 894 4969 13‚8
917 4922 945 4946 =
965 4901 1091 4973 Lagarde
1110 4902 1282 4958 Proverbien
1302 4902 1338 4955 8¹⁰
1355 4904 1361 4971 Ι
1376 4923 1392 4967 4
1410 4901 1504 4957 Matth
1525 4921 1564 4966 τε,
1582 4918 1613 4968 39
1630 4899 1634 4970 Ι
1651 4919 1663 4952 1
1682 4897 1745 4952 Tim
1765 4917 1783 4949 α
1802 4901 1857 4962 6,ι

1592 5000 1660 5071 11*
