4560 6172
352 499 419 563 214
1858 504 1948 571 190

351 681 515 747 γενναῖος·
546 671 655 751 μεστός
674 670 736 751 γάρ
759 668 777 733 ό
800 669 896 743 τόπος
914 669 989 752 ῦλης
1011 665 1141 748 ἀγρίας,
1169 668 1279 751 μεστός
1302 667 1541 750 συμπτωμάτων
1563 675 1616 732 καί
1641 672 1854 739 παντοδαποῦ
1876 697 1945 756 φε-

353 779 457 857 ρυτού.
487 777 575 857 παρά
592 775 662 867 ,τήν
692 771 819 858 πράτην
847 776 906 854 μὲν
933 770 990 838 οῦν
1018 770 1160 855 ἀνήνυτά
1181 797 1212 836 τε
1233 775 1366 852 κάμνειν
1388 773 1477 857 ἐφ’κει
1501 779 1554 835 καί
1576 773 1747 850 ἀδυνάτοις
1769 777 1944 860 προδήλως

352 882 530 963 ἐπιχειρεῖν,
564 878 737 962 οἰκοδομήν
766 877 931 960 ἐκκλησίας
960 880 1013 937 καί
1034 879 1132 959 μονής
1155 877 1302 940 σύστασιν
1323 878 1359 941 ἐν
1381 875 1488 962 ἐρήμφ
1509 882 1549 967 γη]
1571 884 1625 940 καί
1646 879 1757 967 ἀβάτῳ
1780 881 1932 947 διανοού-

351 1007 445 1066 μενος
460 984 730 1069 καταστήσασθαι,
753 985 806 1043 καί
821 985 917 1048 ταῦτα
934 983 1024 1055 ξένος
1038 980 1074 1042 ἐν
1088 983 1199 1056 ξένοις,
1222 985 1327 1066 πένης,
1351 982 1469 1059 ἄοικος,
1488 983 1656 1059 ἄγνωστος,
1679 984 1793 1067 ἕρημος
1808 982 1942 1071 ἀπάσης

350 1093 505 1172 βοηθείας
533 1093 587 1151 καί
616 1087 859 1169 συγκροτήσεως,
888 1083 998 1167 ἐπειδή
1029 1090 1082 1145 καί
1109 1085 1288 1164 μονώτατος
1316 1084 1362 1148 δτι
1391 1085 1434 1167 μή
1464 1085 1511 1148 ἑνί
1539 1091 1678 1172 συνεργηί
1703 1087 1864 1172 Βασιλείῳ
1894 1095 1941 1172 τῷ

350 1193 440 1279 καλῷ
469 1192 643 1275 χριόμενος,
684 1193 722 1255 ὃν
749 1193 804 1254 τοῦ
822 1189 900 1251 ,κατ’
922 1187 1019 1251 αύτδν
1047 1189 1124 1250 όνια
1154 1188 1271 1251 κύκλου
1298 1188 1493 1272 συνέκδημον
1522 1189 1646 1271 εἰλήφει
1674 1196 1728 1253 καί
1754 1191 1936 1269 σόναθλον,

350 1302 439 1379 παρά
467 1301 522 1362 τοῦ
550 1297 673 1380 πατρός
695 1293 917 1376 αἰτησάμενος,
938 1295 1013 1372 μεθ’
1035 1287 1072 1357 οὗ
1094 1299 1203 1354 πονῶν
1225 1295 1290 1355 κατ’
1312 1291 1413 1375 ἀρχάς
1443 1298 1497 1355 καί
1519 1295 1599 1375 πρύς
1620 1295 1800 1378 τηλικοῦτον
1823 1295 1937 1360 ἆθλον

350 1400 646 1482 παραβαλλόμενος.
740 1395 832 1464 20οῦν
864 1397 909 1471 εἰς
938 1396 1026 1469 τέλος
1057 1396 1185 1475 ἔμελλεν
1215 1398 1280 1477 ἄρα
1311 1399 1400 1477 παρά
1430 1401 1483 1479 τής
1513 1401 1607 1470 θείας
1635 1399 1936 1484 ἐγκαταλειφθῆναι

348 1506 519 1584 προνοίας,
552 1502 637 1566 ἀλλά
669 1505 746 1581 ταχὺ
770 1504 808 1564 τά
834 1505 889 1564 τοῦ
917 1501 1101 1583 πράγματος
1123 1500 1154 1564 οἰ
1177 1504 1329 1581 περίοικοι
1352 1501 1600 1582 συναισθόμενοι
1624 1507 1677 1564 καί
1697 1507 1739 1586 μή
1764 1506 1805 1566 ἀν
1829 1503 1935 1568 άθεί*

348 1613 445 1672 ταῦτα
467 1611 617 1685 γίνεσθαι
637 1605 673 1670 εύ
694 1602 785 1687 μάλα
809 1610 916 1687 σοφῶς
938 1607 1014 1686 παρ’
1036 1603 1159 1679 ἑαυτοῖς
1181 1608 1349 1687 κρίναντες,
1372 1605 1430 1692 όλη
1453 1609 1506 1666 καί
1521 1604 1645 1694 σπουδή
1668 1611 1721 1668 καί
1735 1613 1815 1687 χειρὶ
1837 1627 1934 1672 συνε-

348 1712 528 1796 φάπτονται
550 1718 612 1774 τῶν
633 1711 733 1791 ἔργων
762 1708 877 1786 αὐτοῖς,
906 1710 1043 1794 χρήμασί
1071 1734 1101 1773 τε
1131 1715 1184 1771 καὶ
1212 1712 1336 1791 σοι’μασι
1366 1715 1419 1772 καλ
1446 1715 1525 1774 πάσι
1555 1711 1683 1791 τρόποις
1710 1711 1861 1792 ἐκθύμως
1891 1721 1931 1776 τά

350 1818 422 1902 Ιτής
437 1818 600 1897 συνεργίας
621 1813 880 1892 ἐπιδεικνύμενοι,
903 1814 938 1889 ἐξ
961 1810 1006 1877 ὦν
1028 1818 1096 1899 (ίνα
1118 1814 1238 1877 συνέλοι
1261 1815 1293 1876 τι)
1317 1814 1398 1899 πᾶν)
1420 1815 1508 1892 τότε
1529 1812 1613 1895 ἰερδν
1636 1815 1672 1878 ἐν
1686 1813 1782 1900 όλίγῳ
1849 1821 1932 1884 311·1

349 1924 402 1982 καλ
425 1918 441 2003 ή
464 1922 545 2002 μονή
567 1921 632 1998 μετ’
647 1916 755 1995 ὀλίγον
776 1916 821 1990 εἰς
842 1918 934 1981 ὃνῦν
950 1917 1095 1999 ὁρῶνται,
1120 1917 1400 1998 συναπαρτίζονται
1416 1921 1531 2000 σχήμα,
1554 1918 1676 2003 δηλαδή
1700 1925 1754 1982 καλ
1776 1926 1831 1987 τοῦ
1851 1921 1933 2002 χρό-

348 2046 404 2087 νου
422 2026 577 2105 βραχεῖάν
595 2044 665 2085 τινα
684 2021 873 2105 προσθήκην
891 2022 974 2108 (ἐπεὶ
993 2026 1047 2084 καί
1062 2022 1196 2106 βραχύς)
1214 2032 1276 2095 τοῖς
1291 2023 1542 2102 ἐξειργασμένοις
1552 2022 1618 2085 τότε
1629 2027 1933 2100 συνεισενέγκαντος.

435 2126 555 2209 21Αῦτη
575 2130 635 2208 μὲν
657 2124 675 2207 ή
699 2124 785 2188 αἰτία
808 2130 861 2186 καί
883 2121 972 2199 οὗτος
994 2125 1011 2188 ό
1036 2125 1131 2203 λόγος
1152 2128 1204 2209 τής
1225 2127 1270 2200 εἰς
1299 2125 1389 2188 τόνδε
1410 2128 1464 2188 τὸν
1494 2126 1591 2189 ιόπυν
1612 2135 1667 2194 τοῦ
1688 2127 1806 2210 ἀνδρός
1828 2129 1929 2215 ἐνδη-

345 2234 436 2311 μίας,
467 2234 556 2297 τοῦτο
585 2230 622 2293 δὲ
650 2234 703 2290 καί
731 2231 765 2293 τό
796 2230 888 2311 ἔργον
918 2236 972 2292 καί
1001 2226 1090 2304 οὗτος
1118 2228 1136 2293 ὁ
1167 2230 1281 2312 τρόπος
1311 2234 1364 2312 τής
1393 2229 1538 2293 ἐνταῦθα
1560 2236 1730 2313 παροικίας
1751 2231 1849 2298 αύτοῦ
1871 2240 1930 2295 καί

347 2335 557 2418 φιλοπονίας·
579 2333 763 2413 μᾶλλονδὲ
785 2335 819 2397 τό
843 2335 934 2414 ἔργον
955 2331 993 2398 ού
1006 2337 1104 2410 τοῦτο,
1128 2331 1199 2395 ἀλλ’
1213 2332 1281 2396 οίόν
1296 2357 1340 2406 τις
1355 2332 1486 2418 ἀφορμή
1510 2339 1563 2397 καί
1586 2336 1743 2420 καταβολή
1766 2339 1821 2399 τοῦ
1843 2335 1927 2419 ἀλη-

346 2442 417 2512 θιός
438 2438 540 2518 ἔργου,
564 2443 644 2518 πρὸς
665 2437 682 2498 ὃ
705 2439 802 2502 ταῦτα
824 2437 932 2501 πάντα
945 2441 1092 2500 συντείνει
1113 2441 1282 2520 καὶφέρει,
1304 2441 1359 2519 τήν
1371 2437 1523 2517 ἐργασίαν
1538 2438 1619 2517 λέγω
1641 2443 1694 2506 τοῦ
1715 2439 1847 2516 ἀγαθοῦ
1869 2448 1927 2503 καί

345 2545 400 2625 τήν
420 2547 473 2627 τής
494 2541 658 2624 ἀγγελικής
679 2540 838 2616 πολιτείας
859 2542 991 2624 ἄσκησιν
1022 2548 1074 2604 καί
1096 2540 1307 2623 κατόρθωσιν,
1337 2538 1374 2624 ἧς
1402 2543 1521 2616 ἐκεῖνος
1549 2547 1680 2627 κατήρξε
1710 2549 1763 2605 καί
1792 2545 1832 2628 ήν
1858 2557 1926 2619 τοῖς

344 2649 407 2726 μετ’
428 2646 550 2709 ἐκεῖνον
579 2642 742 2719 κατέλιπε,
773 2645 828 2718 τάς
855 2646 980 2727 πραότας
1007 2650 1066 2726 μὲν
1094 2642 1267 2719 ἀποθέσεις
1292 2648 1380 2726 παρά
1411 2649 1465 2709 τοῦ
1486 2645 1627 2724 μεγάλου
1657 2648 1776 2728 πατρός
1807 2646 1929 2712 τόσανεί

344 2773 414 2814 τινα
437 2760 572 2830 στοιχεῖα
594 2749 799 2832 παρειληφώς
821 2753 901 2829 πρὸς
921 2753 975 2812 τάν
996 2752 1048 2833 τής
1069 2749 1231 2831 ἀκριβείας
1249 2754 1357 2812 τοῦτον
1372 2751 1507 2827 κανόνα,
1530 2748 1576 2814 τόν
1589 2753 1660 2826 τούς
1676 2752 1793 2826 τύπους
1806 2752 1926 2834 ἐγγρά-

346 2876 427 2936 φους
448 2855 483 2917 ἐκ
505 2857 567 2917 τιῦν
579 2850 733 2935 Ἅρσενίου
755 2857 810 2921 τοῦ
831 2855 917 2917 πάνυ
939 2853 1160 2934 διαταγμάτων
1175 2853 1280 2934 ὥσπερ
1296 2854 1394 2927 ἄλλος
1409 2860 1531 2940 Μωσής
1546 2855 1782 2937 θεοχαράκτους
1795 2855 1926 2932 πλάκας

343 2958 484 3034 ἐδέξατο.
573 2956 645 3042 22ήν
667 2958 703 3021 δί
724 2953 813 3032 οὗτος
833 2959 994 3039 Ἅρσένιος,
1018 2957 1036 3021 ό
1059 2961 1113 3040 τήν
1135 2956 1247 3040 ἀρετήν
1268 2961 1450 3041 περιβόητος
1470 2959 1589 3033 ἐκεῖνος
1610 2959 1646 3021 ἐν
1665 2970 1854 3039 μονασταῖς,
1886 2962 1924 3036 ὃς

345 3067 399 3124 καὶ
419 3067 472 3145 τής
493 3068 607 3144 χρυσής
629 3062 825 3145 καλουμένης
846 3064 962 3142 πέτρας
984 3061 1064 3148 (οὐδ’
1080 3062 1190 3148 έκείήνη
1212 3062 1248 3125 δὲ
1271 3065 1395 3147 πόρρω)
1418 3063 1531 3143 άριστα
1553 3066 1682 3126 πάντων
1703 3061 1776 3146 ήρξε
1841 3065 1923 3131 311²

345 3172 399 3229 καὶ
420 3164 625 3250 ἀφηγήσατο,
657 3170 711 3227 καί
732 3165 843 3239 αδτσς*
866 3165 970 3228 πολλά
994 3168 1212 3246 προσεξευρεῖν
1232 3168 1363 3228 οἴκοθεν
1385 3171 1500 3253 καὶτῷ
1522 3166 1714 3252 πολυπλόκῳ
1736 3165 1831 3253 τούτῳ
1854 3189 1924 3232 στε-

344 3272 439 3355 φάνῳ
460 3272 513 3351 τής
535 3267 699 3352 άσκητικής
719 3272 905 3349 εὐπρεπείας
926 3271 1198 3345 συγκαταπλέξας,
1229 3269 1297 3350 ἅμα
1319 3273 1378 3348 μὲν
1398 3272 1443 3344 εἰς
1465 3271 1603 3344 κάλλους
1624 3274 1819 3352 περιουσίαν,
1851 3271 1922 3353 ἅμα

345 3373 381 3436 δί
403 3376 457 3435 καλ
479 3378 559 3453 πρός
579 3373 719 3453 μείζονος
741 3371 897 3456 ἀφελείας
918 3373 1087 3438 ῦπόθεσιν.
1176 3374 1202 3412 ²³
1213 3377 1241 3436 τί
1266 3377 1327 3455 γάρ
1356 3378 1419 3437 τῶν
1448 3374 1556 3437 καλόν
1579 3375 1656 3455 παρ’
1678 3371 1781 3448 αὐτοῖς
1802 3375 1841 3439 ού
1864 3399 1924 3460 φι-

344 3476 546 3558 λοσοφεῖταις
582 3473 619 3540 οό
647 3482 856 3561 μακροθυμία
863 3507 874 3557 ,·
896 3477 951 3543 οὐκ
973 3478 1138 3556 ἰπιείκειας
1172 3476 1240 3557 οὐχὶ
1266 3483 1328 3541 τόν
1357 3479 1524 3559 παρόντων
1553 3475 1715 3559 ὑπεροψία
1723 3506 1736 3557 ,·
1767 3477 1836 3559 οῦχί
1858 3487 1923 3544 τῶν

342 3581 521 3658 μελλόντων
542 3580 718 3661 ἐπιθυμία,
752 3581 790 3645 ού
813 3584 967 3666 πραότης,
999 3582 1038 3646 οδ
1060 3580 1265 3664 καθαρότηςγ
1300 3579 1359 3661 ούχ
1381 3583 1398 3665 ή
1422 3584 1501 3643 κατά
1531 3585 1654 3661 πνεῦμα
1677 3587 1834 3663 πτωχείας
1863 3584 1923 3666 οὐχ

344 3685 405 3748 ὅσα
435 3691 498 3749 τῶν
527 3687 787 3767 μακαριζομένων
818 3689 838 3768 ή
868 3691 922 3748 καί
951 3686 1057 3760 άλλως
1086 3687 1347 3765 ἐπαινουμένους
1375 3686 1393 3769 ή
1424 3685 1554 3768 ἀκτησία
1585 3686 1639 3762 δέ,
1667 3684 1685 3767 ή
1717 3687 1746 3750 δ’
1770 3687 1922 3766 εὐτέλεια,

344 3793 377 3854 τδ
402 3790 432 3854 δ’
455 3790 598 3873 ἐγκρατὲς
620 3797 691 3875 περὶ
713 3792 834 3865 πάντα,
865 3793 898 3853 τό
922 3792 1000 3871 πρὸς
1022 3788 1202 3870 ἀγρυπνίαν
1224 3791 1414 3874 φιλόπονον,
1444 3795 1477 3852 τό
1506 3793 1576 3870 περὶ
1606 3795 1639 3852 τό
1671 3792 1809 3872 ψάλλειν
1839 3792 1922 3856 ἀκύ-

342 3914 465 3977 ρεστον,
496 3895 513 3979 ή
543 3896 579 3958 ἐν
605 3904 794 3975 προσευχαῖς
814 3892 956 3969 εύτονία,
991 3894 1006 3977 r}
1029 3899 1090 3957 τόν
1113 3898 1212 3956 θείων
1231 3895 1357 3977 μελέτη,
1386 3901 1419 3957 τὸ
1442 3895 1631 3978 φιλόξενον,
1661 3898 1694 3958 τδ
1718 3897 1921 3981 φιλύπτωχον

342 4000 420 4063 ὅσον
441 4001 475 4063 ἐκ
496 4007 558 4062 τιῦν
581 3998 759 4081 παρόντων,
792 3999 825 4061 τδ
853 3999 953 4082 μηδὲν
982 3997 1093 4072 ἀπλτός
1118 4003 1179 4061 τῶν
1208 4003 1403 4079 σωματικῶν,
1436 4000 1521 4080 μόνα
1551 3998 1586 4061 δὲ
1608 4001 1646 4060 τοί
1668 4003 1722 4063 τοῦ
1745 4002 1920 4081 πνεύματος

344 4104 440 4187 ζητεῖν
461 4127 491 4166 τε
513 4109 566 4165 καί
588 4105 867 4185 πραγματεύεσθαι
896 4103 943 4165 ότι
975 4105 1018 4186 μή
1048 4107 1138 4165 πάσα
1167 4101 1290 4187 ἀνάγκη
1319 4109 1372 4166 καί
1394 4099 1440 4167 τόν
1461 4107 1554 4185 χωρίς
1575 4103 1673 4184 δήλον
1695 4103 1740 4166 ότι
1762 4108 1816 4167 τόν
1838 4109 1921 4188 πρός

342 4210 376 4270 τί
400 4211 491 4287 σῶμα
514 4207 631 4286 δεσμόν
652 4213 688 4299 τή
710 4211 799 4297 ψυχή
820 4207 983 4286 διαμένειν
1004 4207 1085 4279 ὅλως
1101 4207 1277 4289 ἀμήχανον,
1301 4212 1464 4271 καὶτοῦτο
1487 4207 1523 4271 δὲ
1545 4207 1731 4270 τῶνᾶλλων
1748 4192 1809 4290 ὀὐχ
1830 4205 1920 4292 ήττον

344 4312 557 4392 πνευματικόν
578 4336 608 4374 τε
631 4317 685 4374 καὶ
706 4311 943 4387 ἀποσιολικόν*,
965 4313 1008 4394 μή
1031 4303 1197 4394 φορτικοός
1217 4333 1295 4376 τισιν
1316 4315 1413 4385 εἶναι,
1446 4314 1483 4373 τά
1514 4314 1593 4392 πρδς
1619 4316 1728 4391 χρείαν
1757 4314 1921 4390 αἰτοῦντας

345 4418 348 4504 λ
372 4417 443 4499 μηδ’
466 4417 602 4498 ἐγκοπήν
624 4417 752 4481 διδόναι
774 4421 843 4479 τινά
866 4420 901 4502 τῇ
923 4418 980 4477 τού
1001 4413 1133 4491 ἀγαθοῦ
1154 4419 1350 4497 κατορθώσει
1371 4415 1406 4479 ἐκ
1427 4418 1481 4475 τοῦ
1504 4419 1576 4495 περὶ
1596 4418 1692 4480 ταῦτα
1715 4440 1775 4478 κα-
1840 4420 1921 4484 312¹

341 4525 504 4602 ταναρκάν
525 4521 607 4583 ἔστιν
628 4516 683 4596 ὥν,
714 4520 798 4582 ἀλλά
821 4532 889 4594 ταῖς
910 4519 1007 4593 ἰδίαις
1035 4520 1225 4600 ἐργάζεσθαι
1254 4527 1358 4604 χερσὶν
1380 4520 1431 4582 ὅτε
1452 4518 1518 4596 δεῖ,
1552 4523 1606 4580 καί
1633 4524 1768 4603 βοηθεῖν
1795 4520 1920 4596 ἑαυτοῖς

343 4624 384 4688 δι’
407 4625 528 4689 ἑαυτόν
549 4626 594 4699 εἰς
616 4632 652 4687 τὰ
675 4624 854 4701 ἀναγκαῖα,
877 4629 930 4708 τής
950 4623 1075 4700 ἔξωθεν
1098 4625 1134 4688 δί
1157 4628 1335 4708 περιφοράς
1356 4625 1482 4708 ταύτης,
1511 4625 1549 4708 ήν
1571 4624 1685 4688 πολλοὶ
1706 4627 1768 4687 τῶν
1790 4625 1919 4689 ἀπλου-

341 4732 457 4810 στέρων
479 4728 711 4813 ἐπιτηδεύουσιν
732 4731 777 4803 εἰς
799 4730 971 4808 ἐρανισμδν
992 4729 1054 4791 τόν
1076 4731 1155 4792 κατά
1176 4734 1284 4811 χρείαν
1306 4739 1368 4802 τοῖς
1382 4727 1589 4808 ἀσκουμένοις
1603 4733 1693 4811 παρά
1708 4736 1771 4792 τῶν
1785 4728 1921 4810 ἑτοίμων

413 4871 444 4905 ιο
461 4850 536 4905 ἀθεεὶ
554 4852 640 4909 codex
657 4853 661 4923 Ι
677 4872 706 4907 ιτ
725 4853 807 4908 addit
822 4852 851 4905 δί
869 4850 966 4918 codex,
984 4852 1059 4921 quod
1077 4852 1170 4908 delevi
1189 4852 1313 4922 λαγανδι
1329 4854 1333 4917 Ι
1349 4871 1377 4919 ²3
1398 4851 1484 4907 Thess
1503 4871 1521 4903 α
1540 4870 1563 4916 ι,
1581 4870 1596 4919 9
