<?xml version="1.0" encoding="UTF-8"?>
<!DOCTYPE html PUBLIC "-//W3C//DTD XHTML 1.0 Transitional//EN"
    "http://www.w3.org/TR/xhtml1/DTD/xhtml1-transitional.dtd">
<html xmlns="http://www.w3.org/1999/xhtml" xml:lang="en" lang="en">
 <head>
  <title>
</title>
<meta http-equiv="Content-Type" content="text/html;charset=utf-8" />
  <meta name='ocr-system' content='tesseract 3.04.00' />
  <meta name='ocr-capabilities' content='ocr_page ocr_carea ocr_par ocr_line ocrx_word'/>
</head>
<body>
  <div class='ocr_page' id='page_1' title='image "./iohanniseuchait00vatigoog_0267.png"; bbox 0 0 4560 6172; ppageno 0'>
   <div class='ocr_carea' id='block_1_1' title="bbox 343 488 409 555">
    <p class='ocr_par' dir='ltr' id='par_1_1' title="bbox 343 488 409 555">
     <span class='ocr_line' id='line_1_1' title="bbox 343 488 409 555; baseline -0.045 0"><span class='ocrx_word' id='word_1_1' title='bbox 343 488 409 555; x_wconf 80' lang='lat'>224</span> 
     </span>
    </p>
   </div>
   <div class='ocr_carea' id='block_1_2' title="bbox 329 657 1952 3485">
    <p class='ocr_par' dir='ltr' id='par_1_2' title="bbox 329 657 1952 3485">
     <span class='ocr_line' id='line_1_2' title="bbox 347 657 1952 734; baseline 0.002 -20"><span class='ocrx_word' id='word_1_2' title='bbox 347 660 394 715; x_wconf 82' lang='grc' dir='ltr'><strong><em>τοῖι</em></strong></span> <span class='ocrx_word' id='word_1_3' title='bbox 414 658 488 713; x_wconf 83' lang='grc' dir='ltr'><strong><em>όσίου</em></strong></span> <span class='ocrx_word' id='word_1_4' title='bbox 507 657 607 729; x_wconf 80' lang='grc' dir='ltr'><strong><em>πατρός</em></strong></span> <span class='ocrx_word' id='word_1_5' title='bbox 626 658 701 728; x_wconf 79' lang='grc' dir='ltr'><strong><em>ήμῶν</em></strong></span> <span class='ocrx_word' id='word_1_6' title='bbox 721 661 863 726; x_wconf 76' lang='grc' dir='ltr'>Δωροθέου</span> <span class='ocrx_word' id='word_1_7' title='bbox 882 661 926 714; x_wconf 75' lang='grc' dir='ltr'>τοῦ</span> <span class='ocrx_word' id='word_1_8' title='bbox 945 663 1014 724; x_wconf 76' lang='grc' dir='ltr'><strong><em>νόου,</em></strong></span> <span class='ocrx_word' id='word_1_9' title='bbox 1039 660 1093 726; x_wconf 87' lang='grc' dir='ltr'><strong><em>ήτοι</em></strong></span> <span class='ocrx_word' id='word_1_10' title='bbox 1109 667 1154 714; x_wconf 82' lang='grc' dir='ltr'>τοί</span> <span class='ocrx_word' id='word_1_11' title='bbox 1173 663 1202 713; x_wconf 71' lang='grc' dir='ltr'><strong><em>ἐν</em></strong></span> <span class='ocrx_word' id='word_1_12' title='bbox 1218 665 1253 732; x_wconf 79' lang='grc' dir='ltr'>τῷ</span> <span class='ocrx_word' id='word_1_13' title='bbox 1268 664 1434 732; x_wconf 81' lang='grc' dir='ltr'><strong><em>χιλιοκαίμρι,</em></strong></span> <span class='ocrx_word' id='word_1_14' title='bbox 1455 662 1534 731; x_wconf 87' lang='lat' dir='ltr'>cujus</span> <span class='ocrx_word' id='word_1_15' title='bbox 1553 661 1667 716; x_wconf 85' lang='lat' dir='ltr'>initium</span> <span class='ocrx_word' id='word_1_16' title='bbox 1688 662 1726 714; x_wconf 79' lang='lat' dir='ltr'>orl</span> <span class='ocrx_word' id='word_1_17' title='bbox 1744 665 1872 724; x_wconf 74' lang='grc' dir='ltr'>παλαιοῖς</span> <span class='ocrx_word' id='word_1_18' title='bbox 1891 664 1952 734; x_wconf 79' lang='grc' dir='ltr'>ἄρα</span> 
     </span>
     <span class='ocr_line' id='line_1_3' title="bbox 347 747 1952 822; baseline 0.003 -20"><span class='ocrx_word' id='word_1_19' title='bbox 347 751 443 821; x_wconf 89' lang='grc' dir='ltr'><strong><em>μόνον,</em></strong></span> <span class='ocrx_word' id='word_1_20' title='bbox 462 747 530 802; x_wconf 68' lang='lat' dir='ltr'>else</span> <span class='ocrx_word' id='word_1_21' title='bbox 551 749 597 801; x_wconf 81' lang='grc' dir='ltr'>καί</span> <span class='ocrx_word' id='word_1_22' title='bbox 614 753 720 808; x_wconf 77' lang='grc' dir='ltr'><strong><em>καινοῖς</em></strong></span> <span class='ocrx_word' id='word_1_23' title='bbox 737 749 901 818; x_wconf 75' lang='grc' dir='ltr'>διηγήμασιν</span> <span class='ocrx_word' id='word_1_24' title='bbox 918 751 971 803; x_wconf 74' lang='grc' dir='ltr'><strong><em>ἔδει</em></strong></span> <span class='ocrx_word' id='word_1_25' title='bbox 988 750 1157 822; x_wconf 75' lang='grc' dir='ltr'><strong><em>κοσμηθῆναι</em></strong></span> <span class='ocrx_word' id='word_1_26' title='bbox 1174 748 1220 802; x_wconf 82' lang='grc' dir='ltr'><strong><em>τόν</em></strong></span> <span class='ocrx_word' id='word_1_27' title='bbox 1241 751 1351 804; x_wconf 85' lang='grc' dir='ltr'><strong><em>Πόντον.</em></strong></span> <span class='ocrx_word' id='word_1_28' title='bbox 1388 752 1455 821; x_wconf 79' lang='lat' dir='ltr'>Peg.</span> <span class='ocrx_word' id='word_1_29' title='bbox 1477 769 1529 818; x_wconf 85' lang='lat'>¹05·</span> <span class='ocrx_word' id='word_1_30' title='bbox 1555 751 1590 802; x_wconf 82' lang='lat' dir='ltr'>In</span> <span class='ocrx_word' id='word_1_31' title='bbox 1610 757 1713 803; x_wconf 78' lang='lat' dir='ltr'>sanctor</span> <span class='ocrx_word' id='word_1_32' title='bbox 1733 757 1784 803; x_wconf 82' lang='lat' dir='ltr'>tres</span> <span class='ocrx_word' id='word_1_33' title='bbox 1802 754 1952 808; x_wconf 78' lang='lat' dir='ltr'>Antiatitee</span> 
     </span>
     <span class='ocr_line' id='line_1_4' title="bbox 345 835 1947 911; baseline -0.001 -17"><span class='ocrx_word' id='word_1_34' title='bbox 345 841 488 902; x_wconf 78' lang='lat' dir='ltr'>Basiliam,</span> <span class='ocrx_word' id='word_1_35' title='bbox 515 840 731 908; x_wconf 79' lang='lat' dir='ltr'>Cbryeoetomum</span> <span class='ocrx_word' id='word_1_36' title='bbox 748 843 773 888; x_wconf 84' lang='lat' dir='ltr'>et</span> <span class='ocrx_word' id='word_1_37' title='bbox 787 839 950 906; x_wconf 71' lang='lat' dir='ltr'>Greyoeium</span> <span class='ocrx_word' id='word_1_38' title='bbox 969 841 1005 898; x_wconf 81' lang='grc' dir='ltr'>είς</span> <span class='ocrx_word' id='word_1_39' title='bbox 1022 835 1082 898; x_wconf 85' lang='grc' dir='ltr'><strong><em>τοός</em></strong></span> <span class='ocrx_word' id='word_1_40' title='bbox 1101 838 1197 908; x_wconf 78' lang='grc' dir='ltr'><strong><em>ἁγίους</em></strong></span> <span class='ocrx_word' id='word_1_41' title='bbox 1214 843 1282 909; x_wconf 91' lang='grc' dir='ltr'><strong><em>τρεῖς</em></strong></span> <span class='ocrx_word' id='word_1_42' title='bbox 1300 841 1428 910; x_wconf 79' lang='grc' dir='ltr'><strong><em>ῖεράρχας</em></strong></span> <span class='ocrx_word' id='word_1_43' title='bbox 1445 842 1590 908; x_wconf 77' lang='grc' dir='ltr'><strong><em>βασίλειον,</em></strong></span> <span class='ocrx_word' id='word_1_44' title='bbox 1604 839 1794 909; x_wconf 88' lang='grc' dir='ltr'><strong><em>χρυσόστομον</em></strong></span> <span class='ocrx_word' id='word_1_45' title='bbox 1812 840 1859 893; x_wconf 80' lang='grc' dir='ltr'>καί</span> <span class='ocrx_word' id='word_1_46' title='bbox 1877 849 1947 911; x_wconf 72' lang='grc' dir='ltr'><strong><em>Γρη-</em></strong></span> 
     </span>
     <span class='ocr_line' id='line_1_5' title="bbox 344 923 1946 1000; baseline 0.001 -18"><span class='ocrx_word' id='word_1_47' title='bbox 344 929 449 1000; x_wconf 88' lang='grc' dir='ltr'><strong><em>γόρεον,</em></strong></span> <span class='ocrx_word' id='word_1_48' title='bbox 468 928 547 998; x_wconf 85' lang='lat' dir='ltr'>cujus</span> <span class='ocrx_word' id='word_1_49' title='bbox 560 927 674 980; x_wconf 84' lang='lat' dir='ltr'>initium</span> <span class='ocrx_word' id='word_1_50' title='bbox 694 925 783 977; x_wconf 85' lang='grc' dir='ltr'><strong><em>Πάλιν</em></strong></span> <span class='ocrx_word' id='word_1_51' title='bbox 798 925 922 990; x_wconf 85' lang='grc' dir='ltr'><strong><em>Ἰωάννης</em></strong></span> <span class='ocrx_word' id='word_1_52' title='bbox 939 925 954 978; x_wconf 90' lang='grc' dir='ltr'><strong><em>ό</em></strong></span> <span class='ocrx_word' id='word_1_53' title='bbox 974 923 1020 990; x_wconf 86' lang='grc' dir='ltr'><strong><em>τήν</em></strong></span> <span class='ocrx_word' id='word_1_54' title='bbox 1036 927 1151 995; x_wconf 76' lang='grc' dir='ltr'><strong><em>γλῶτταν</em></strong></span> <span class='ocrx_word' id='word_1_55' title='bbox 1165 927 1292 997; x_wconf 79' lang='grc' dir='ltr'><strong><em>χρυσοῦς,</em></strong></span> <span class='ocrx_word' id='word_1_56' title='bbox 1310 929 1356 981; x_wconf 78' lang='grc' dir='ltr'>καί</span> <span class='ocrx_word' id='word_1_57' title='bbox 1367 928 1448 980; x_wconf 83' lang='grc' dir='ltr'><strong><em>πάλιν</em></strong></span> <span class='ocrx_word' id='word_1_58' title='bbox 1462 927 1526 994; x_wconf 88' lang='grc' dir='ltr'><strong><em>ήιιῖν</em></strong></span> <span class='ocrx_word' id='word_1_59' title='bbox 1542 925 1676 995; x_wconf 70' lang='grc' dir='ltr'><strong><em>ἐπιφανής</em></strong></span> <span class='ocrx_word' id='word_1_60' title='bbox 1687 928 1769 998; x_wconf 78' lang='grc' dir='ltr'><strong><em>ἑορτή.</em></strong></span> <span class='ocrx_word' id='word_1_61' title='bbox 1808 930 1876 1000; x_wconf 76' lang='lat' dir='ltr'>Peg.</span> <span class='ocrx_word' id='word_1_62' title='bbox 1889 950 1946 999; x_wconf 77' lang='grc' dir='ltr'><strong><em>τος.</em></strong></span> 
     </span>
     <span class='ocr_line' id='line_1_6' title="bbox 344 1013 1945 1087; baseline 0.001 -17"><span class='ocrx_word' id='word_1_63' title='bbox 344 1019 381 1070; x_wconf 82' lang='lat' dir='ltr'>In</span> <span class='ocrx_word' id='word_1_64' title='bbox 396 1023 518 1071; x_wconf 77' lang='lat' dir='ltr'>canotum</span> <span class='ocrx_word' id='word_1_65' title='bbox 538 1015 691 1084; x_wconf 77' lang='lat' dir='ltr'>Martyrem</span> <span class='ocrx_word' id='word_1_66' title='bbox 715 1015 889 1077; x_wconf 73' lang='lat' dir='ltr'>Theodorum,</span> <span class='ocrx_word' id='word_1_67' title='bbox 912 1015 941 1068; x_wconf 91' lang='lat' dir='ltr'>id</span> <span class='ocrx_word' id='word_1_68' title='bbox 962 1017 1013 1083; x_wconf 78' lang='lat' dir='ltr'>eet,</span> <span class='ocrx_word' id='word_1_69' title='bbox 1034 1017 1129 1076; x_wconf 73' lang='grc' dir='ltr'><strong><em>Πεζόνε</em></strong></span> <span class='ocrx_word' id='word_1_70' title='bbox 1149 1017 1186 1075; x_wconf 82' lang='grc' dir='ltr'>είς</span> <span class='ocrx_word' id='word_1_71' title='bbox 1203 1013 1250 1080; x_wconf 85' lang='grc' dir='ltr'><strong><em>τήν</em></strong></span> <span class='ocrx_word' id='word_1_72' title='bbox 1267 1013 1377 1087; x_wconf 88' lang='grc' dir='ltr'><strong><em>μνήμην</em></strong></span> <span class='ocrx_word' id='word_1_73' title='bbox 1394 1017 1438 1068; x_wconf 79' lang='grc' dir='ltr'>τοῦ</span> <span class='ocrx_word' id='word_1_74' title='bbox 1455 1016 1537 1086; x_wconf 81' lang='grc' dir='ltr'><strong><em>άγίου</em></strong></span> <span class='ocrx_word' id='word_1_75' title='bbox 1554 1018 1694 1085; x_wconf 87' lang='grc' dir='ltr'><strong><em>μάρτυρος</em></strong></span> <span class='ocrx_word' id='word_1_76' title='bbox 1712 1018 1865 1087; x_wconf 78' lang='grc' dir='ltr'><strong><em>Θεοάάροα,</em></strong></span> <span class='ocrx_word' id='word_1_77' title='bbox 1886 1019 1945 1084; x_wconf 82' lang='grc' dir='ltr'><strong><em>ήτοι</em></strong></span> 
     </span>
     <span class='ocr_line' id='line_1_7' title="bbox 343 1097 1944 1176; baseline 0.001 -16"><span class='ocrx_word' id='word_1_78' title='bbox 343 1110 390 1160; x_wconf 79' lang='lat' dir='ltr'>roei</span> <span class='ocrx_word' id='word_1_79' title='bbox 411 1107 504 1169; x_wconf 80' lang='grc' dir='ltr'><strong><em>Πεζοό,</em></strong></span> <span class='ocrx_word' id='word_1_80' title='bbox 523 1106 602 1174; x_wconf 84' lang='lat' dir='ltr'>cujus</span> <span class='ocrx_word' id='word_1_81' title='bbox 620 1103 736 1157; x_wconf 89' lang='lat' dir='ltr'>initium</span> <span class='ocrx_word' id='word_1_82' title='bbox 756 1104 824 1172; x_wconf 83' lang='grc' dir='ltr'><strong><em>Παρ’</em></strong></span> <span class='ocrx_word' id='word_1_83' title='bbox 844 1102 909 1171; x_wconf 89' lang='grc' dir='ltr'><strong><em>ήμῖν</em></strong></span> <span class='ocrx_word' id='word_1_84' title='bbox 927 1103 953 1154; x_wconf 82' lang='grc' dir='ltr'>δ’</span> <span class='ocrx_word' id='word_1_85' title='bbox 974 1097 1023 1155; x_wconf 80' lang='grc' dir='ltr'><strong><em>οὖν</em></strong></span> <span class='ocrx_word' id='word_1_86' title='bbox 1042 1103 1073 1155; x_wconf 86' lang='grc' dir='ltr'>οό</span> <span class='ocrx_word' id='word_1_87' title='bbox 1093 1102 1193 1156; x_wconf 82' lang='grc' dir='ltr'><strong><em>σπάνια</em></strong></span> <span class='ocrx_word' id='word_1_88' title='bbox 1212 1103 1241 1156; x_wconf 85' lang='grc' dir='ltr'>τά</span> <span class='ocrx_word' id='word_1_89' title='bbox 1261 1102 1340 1169; x_wconf 82' lang='grc' dir='ltr'><strong><em>καλό,</em></strong></span> <span class='ocrx_word' id='word_1_90' title='bbox 1359 1103 1386 1156; x_wconf 88' lang='grc' dir='ltr'>τό</span> <span class='ocrx_word' id='word_1_91' title='bbox 1407 1105 1451 1157; x_wconf 80' lang='grc' dir='ltr'>τοῦ</span> <span class='ocrx_word' id='word_1_92' title='bbox 1470 1106 1561 1174; x_wconf 80' lang='grc' dir='ltr'><strong><em>λόγου.</em></strong></span> <span class='ocrx_word' id='word_1_93' title='bbox 1599 1107 1666 1176; x_wconf 79' lang='lat' dir='ltr'>Peg.</span> <span class='ocrx_word' id='word_1_94' title='bbox 1687 1112 1739 1160; x_wconf 86' lang='lat'>106.</span> <span class='ocrx_word' id='word_1_95' title='bbox 1762 1108 1799 1159; x_wconf 82' lang='lat' dir='ltr'>In</span> <span class='ocrx_word' id='word_1_96' title='bbox 1817 1115 1944 1162; x_wconf 80' lang='lat' dir='ltr'>ranetam</span> 
     </span>
     <span class='ocr_line' id='line_1_8' title="bbox 344 1186 1944 1266; baseline 0.002 -17"><span class='ocrx_word' id='word_1_97' title='bbox 344 1196 489 1249; x_wconf 82' lang='lat' dir='ltr'>Eueebiem</span> <span class='ocrx_word' id='word_1_98' title='bbox 510 1193 730 1255; x_wconf 78' lang='lat' dir='ltr'>Eeecbaiteaeem,</span> <span class='ocrx_word' id='word_1_99' title='bbox 755 1193 836 1262; x_wconf 80' lang='grc' dir='ltr'><strong><em>λόγος</em></strong></span> <span class='ocrx_word' id='word_1_100' title='bbox 854 1194 889 1252; x_wconf 82' lang='grc' dir='ltr'>είς</span> <span class='ocrx_word' id='word_1_101' title='bbox 906 1189 953 1256; x_wconf 85' lang='grc' dir='ltr'><strong><em>τήν</em></strong></span> <span class='ocrx_word' id='word_1_102' title='bbox 970 1194 1078 1263; x_wconf 88' lang='grc' dir='ltr'><strong><em>μνήμην</em></strong></span> <span class='ocrx_word' id='word_1_103' title='bbox 1095 1193 1138 1258; x_wconf 70' lang='lat' dir='ltr'>rit</span> <span class='ocrx_word' id='word_1_104' title='bbox 1155 1192 1348 1263; x_wconf 85' lang='grc' dir='ltr'><strong><em>ὁσιομάρτυρος</em></strong></span> <span class='ocrx_word' id='word_1_105' title='bbox 1363 1193 1523 1262; x_wconf 77' lang='grc' dir='ltr'><strong><em>Ἐυσερείας,</em></strong></span> <span class='ocrx_word' id='word_1_106' title='bbox 1543 1195 1583 1258; x_wconf 80' lang='grc' dir='ltr'>τής</span> <span class='ocrx_word' id='word_1_107' title='bbox 1602 1196 1630 1246; x_wconf 75' lang='grc' dir='ltr'><strong><em>ἐν</em></strong></span> <span class='ocrx_word' id='word_1_108' title='bbox 1645 1186 1836 1264; x_wconf 59' lang='grc' dir='ltr'><strong><em>Ἐυχαίταις’λ”ε</em></strong></span> <span class='ocrx_word' id='word_1_109' title='bbox 1859 1198 1944 1266; x_wconf 83' lang='lat' dir='ltr'>cujus</span> 
     </span>
     <span class='ocr_line' id='line_1_9' title="bbox 342 1274 1942 1354; baseline -0.001 -16"><span class='ocrx_word' id='word_1_110' title='bbox 342 1284 457 1340; x_wconf 82' lang='lat' dir='ltr'>initium</span> <span class='ocrx_word' id='word_1_111' title='bbox 477 1282 543 1351; x_wconf 80' lang='grc' dir='ltr'><strong><em>Περὶ</em></strong></span> <span class='ocrx_word' id='word_1_112' title='bbox 560 1283 650 1345; x_wconf 86' lang='grc' dir='ltr'><strong><em>ταότης</em></strong></span> <span class='ocrx_word' id='word_1_113' title='bbox 666 1299 696 1349; x_wconf 84' lang='grc' dir='ltr'>γε</span> <span class='ocrx_word' id='word_1_114' title='bbox 714 1281 814 1351; x_wconf 76' lang='grc' dir='ltr'><strong><em>μέντοι,</em></strong></span> <span class='ocrx_word' id='word_1_115' title='bbox 833 1282 895 1348; x_wconf 76' lang='grc' dir='ltr'><strong><em>περὶ</em></strong></span> <span class='ocrx_word' id='word_1_116' title='bbox 912 1279 1003 1345; x_wconf 88' lang='grc' dir='ltr'><strong><em>ταότης</em></strong></span> <span class='ocrx_word' id='word_1_117' title='bbox 1020 1281 1273 1352; x_wconf 82' lang='grc' dir='ltr'><strong><em>τήςφιλομάρτυρος</em></strong></span> <span class='ocrx_word' id='word_1_118' title='bbox 1285 1284 1406 1352; x_wconf 83' lang='grc' dir='ltr'><strong><em>ἔγνωμεν</em></strong></span> <span class='ocrx_word' id='word_1_119' title='bbox 1419 1283 1498 1334; x_wconf 82' lang='grc' dir='ltr'><strong><em>ου’όέν</em></strong></span> <span class='ocrx_word' id='word_1_120' title='bbox 1516 1274 1575 1336; x_wconf 73' lang='grc' dir='ltr'>ιε’ίῦ</span> <span class='ocrx_word' id='word_1_121' title='bbox 1595 1285 1687 1350; x_wconf 76' lang='grc' dir='ltr'><strong><em>σαφές.</em></strong></span> <span class='ocrx_word' id='word_1_122' title='bbox 1724 1283 1791 1354; x_wconf 84' lang='lat' dir='ltr'>Pag.</span> <span class='ocrx_word' id='word_1_123' title='bbox 1803 1304 1857 1339; x_wconf 87' lang='lat'>112.</span> <span class='ocrx_word' id='word_1_124' title='bbox 1876 1286 1942 1337; x_wconf 81' lang='lat' dir='ltr'>En·</span> 
     </span>
     <span class='ocr_line' id='line_1_10' title="bbox 343 1370 1942 1442; baseline -0.001 -15"><span class='ocrx_word' id='word_1_125' title='bbox 343 1374 456 1428; x_wconf 75' lang='lat' dir='ltr'>comitem</span> <span class='ocrx_word' id='word_1_126' title='bbox 482 1372 511 1423; x_wconf 83' lang='lat' dir='ltr'>in</span> <span class='ocrx_word' id='word_1_127' title='bbox 539 1373 651 1424; x_wconf 69' lang='grc' dir='ltr'><strong><em>δοροῖσι</em></strong></span> <span class='ocrx_word' id='word_1_128' title='bbox 677 1376 728 1423; x_wconf 83' lang='lat' dir='ltr'>tres</span> <span class='ocrx_word' id='word_1_129' title='bbox 750 1370 893 1422; x_wconf 70' lang='lat' dir='ltr'>Antistius</span> <span class='ocrx_word' id='word_1_130' title='bbox 919 1371 1068 1432; x_wconf 76' lang='lat' dir='ltr'>Basiliam,</span> <span class='ocrx_word' id='word_1_131' title='bbox 1095 1371 1313 1440; x_wconf 79' lang='lat' dir='ltr'>Chryeoetomam</span> <span class='ocrx_word' id='word_1_132' title='bbox 1331 1379 1357 1425; x_wconf 82' lang='lat' dir='ltr'>et</span> <span class='ocrx_word' id='word_1_133' title='bbox 1380 1372 1541 1441; x_wconf 73' lang='lat' dir='ltr'>Greyorium</span> <span class='ocrx_word' id='word_1_134' title='bbox 1560 1373 1775 1436; x_wconf 77' lang='lat' dir='ltr'>Nazianzenum,</span> <span class='ocrx_word' id='word_1_135' title='bbox 1802 1374 1942 1442; x_wconf 75' lang='grc' dir='ltr'><strong><em>λγτιιάμιον</em></strong></span> 
     </span>
     <span class='ocr_line' id='line_1_11' title="bbox 343 1458 1941 1532; baseline -0.001 -17"><span class='ocrx_word' id='word_1_136' title='bbox 343 1464 378 1521; x_wconf 81' lang='grc' dir='ltr'>είς</span> <span class='ocrx_word' id='word_1_137' title='bbox 396 1460 457 1520; x_wconf 71' lang='grc' dir='ltr'><strong><em>τοὺς</em></strong></span> <span class='ocrx_word' id='word_1_138' title='bbox 476 1461 571 1530; x_wconf 88' lang='grc' dir='ltr'><strong><em>άγίους</em></strong></span> <span class='ocrx_word' id='word_1_139' title='bbox 586 1464 654 1528; x_wconf 84' lang='grc' dir='ltr'><strong><em>τρεῖς</em></strong></span> <span class='ocrx_word' id='word_1_140' title='bbox 669 1460 797 1529; x_wconf 78' lang='grc' dir='ltr'><strong><em>ῖεράρχας</em></strong></span> <span class='ocrx_word' id='word_1_141' title='bbox 805 1461 938 1526; x_wconf 72' lang='grc' dir='ltr'><strong><em>βασίλειον</em></strong></span> <span class='ocrx_word' id='word_1_142' title='bbox 951 1458 996 1510; x_wconf 85' lang='grc' dir='ltr'><strong><em>τόν</em></strong></span> <span class='ocrx_word' id='word_1_143' title='bbox 1005 1462 1102 1529; x_wconf 80' lang='grc' dir='ltr'><strong><em>μέγαν,</em></strong></span> <span class='ocrx_word' id='word_1_144' title='bbox 1121 1462 1270 1529; x_wconf 84' lang='grc' dir='ltr'><strong><em>Γρηγάριον</em></strong></span> <span class='ocrx_word' id='word_1_145' title='bbox 1286 1460 1329 1513; x_wconf 83' lang='grc' dir='ltr'><strong><em>τὸν</em></strong></span> <span class='ocrx_word' id='word_1_146' title='bbox 1344 1463 1485 1529; x_wconf 74' lang='grc' dir='ltr'><strong><em>θεολόγον,</em></strong></span> <span class='ocrx_word' id='word_1_147' title='bbox 1504 1461 1549 1513; x_wconf 83' lang='grc' dir='ltr'>καί</span> <span class='ocrx_word' id='word_1_148' title='bbox 1563 1458 1688 1524; x_wconf 81' lang='grc' dir='ltr'><strong><em>Ἰωάννην</em></strong></span> <span class='ocrx_word' id='word_1_149' title='bbox 1701 1461 1745 1513; x_wconf 82' lang='grc' dir='ltr'><strong><em>τόν</em></strong></span> <span class='ocrx_word' id='word_1_150' title='bbox 1754 1462 1941 1532; x_wconf 73' lang='grc' dir='ltr'><strong><em>χρυσόοτομνι</em></strong></span> 
     </span>
     <span class='ocr_line' id='line_1_12' title="bbox 344 1548 1941 1621; baseline -0.003 -14"><span class='ocrx_word' id='word_1_151' title='bbox 344 1552 424 1621; x_wconf 84' lang='lat' dir='ltr'>cujus</span> <span class='ocrx_word' id='word_1_152' title='bbox 443 1551 566 1612; x_wconf 82' lang='lat' dir='ltr'>initium,</span> <span class='ocrx_word' id='word_1_153' title='bbox 589 1554 664 1616; x_wconf 81' lang='grc' dir='ltr'><strong><em>Τρεῖς</em></strong></span> <span class='ocrx_word' id='word_1_154' title='bbox 681 1567 716 1618; x_wconf 87' lang='grc' dir='ltr'><strong><em>με</em></strong></span> <span class='ocrx_word' id='word_1_155' title='bbox 728 1548 795 1618; x_wconf 79' lang='grc' dir='ltr'><strong><em>πρὸς</em></strong></span> <span class='ocrx_word' id='word_1_156' title='bbox 806 1549 957 1618; x_wconf 86' lang='grc' dir='ltr'><strong><em>τρεοίνυμον</em></strong></span> <span class='ocrx_word' id='word_1_157' title='bbox 969 1550 1164 1617; x_wconf 81' lang='grc' dir='ltr'><strong><em>παροτρόνοοσι</em></strong></span> <span class='ocrx_word' id='word_1_158' title='bbox 1174 1552 1284 1613; x_wconf 79' lang='grc' dir='ltr'><strong><em>κίνησιν.</em></strong></span> <span class='ocrx_word' id='word_1_159' title='bbox 1320 1550 1388 1617; x_wconf 81' lang='lat' dir='ltr'>Pag.</span> <span class='ocrx_word' id='word_1_160' title='bbox 1402 1569 1454 1616; x_wconf 85' lang='lat'>1¹5·</span> <span class='ocrx_word' id='word_1_161' title='bbox 1473 1549 1509 1600; x_wconf 85' lang='grc' dir='ltr'><strong><em>Ιτι</em></strong></span> <span class='ocrx_word' id='word_1_162' title='bbox 1519 1549 1673 1601; x_wconf 75' lang='lat' dir='ltr'><strong><em>memoriam</em></strong></span> <span class='ocrx_word' id='word_1_163' title='bbox 1684 1551 1777 1619; x_wconf 66' lang='lat' dir='ltr'>moeni</span> <span class='ocrx_word' id='word_1_164' title='bbox 1787 1551 1941 1620; x_wconf 80' lang='lat' dir='ltr'>triumpha-</span> 
     </span>
     <span class='ocr_line' id='line_1_13' title="bbox 345 1636 1941 1709; baseline 0 -16"><span class='ocrx_word' id='word_1_165' title='bbox 345 1641 410 1693; x_wconf 83' lang='lat' dir='ltr'>toris</span> <span class='ocrx_word' id='word_1_166' title='bbox 420 1646 446 1692; x_wconf 85' lang='lat' dir='ltr'>et</span> <span class='ocrx_word' id='word_1_167' title='bbox 458 1640 489 1691; x_wconf 87' lang='lat' dir='ltr'>de</span> <span class='ocrx_word' id='word_1_168' title='bbox 501 1639 632 1691; x_wconf 81' lang='lat' dir='ltr'>miraculo</span> <span class='ocrx_word' id='word_1_169' title='bbox 637 1639 716 1706; x_wconf 81' lang='lat' dir='ltr'>secto</span> <span class='ocrx_word' id='word_1_170' title='bbox 730 1639 758 1690; x_wconf 81' lang='lat' dir='ltr'>in</span> <span class='ocrx_word' id='word_1_171' title='bbox 768 1638 917 1700; x_wconf 82' lang='lat' dir='ltr'>Borboros,</span> <span class='ocrx_word' id='word_1_172' title='bbox 936 1642 972 1696; x_wconf 82' lang='grc' dir='ltr'>εἰς</span> <span class='ocrx_word' id='word_1_173' title='bbox 981 1640 1024 1700; x_wconf 88' lang='grc' dir='ltr'><strong><em>τήν</em></strong></span> <span class='ocrx_word' id='word_1_174' title='bbox 1034 1636 1137 1707; x_wconf 76' lang='grc' dir='ltr'><strong><em>ἡμέραν</em></strong></span> <span class='ocrx_word' id='word_1_175' title='bbox 1153 1641 1182 1701; x_wconf 75' lang='grc' dir='ltr'>ιη’</span> <span class='ocrx_word' id='word_1_176' title='bbox 1184 1658 1196 1697; x_wconf 94' lang='grc' dir='ltr'>ς</span> <span class='ocrx_word' id='word_1_177' title='bbox 1207 1639 1313 1709; x_wconf 86' lang='grc' dir='ltr'><strong><em>μνήμης</em></strong></span> <span class='ocrx_word' id='word_1_178' title='bbox 1330 1642 1377 1690; x_wconf 79' lang='grc' dir='ltr'>τοῦ</span> <span class='ocrx_word' id='word_1_179' title='bbox 1394 1639 1514 1707; x_wconf 87' lang='grc' dir='ltr'><strong><em>μεγάλου</em></strong></span> <span class='ocrx_word' id='word_1_180' title='bbox 1533 1636 1742 1706; x_wconf 79' lang='grc' dir='ltr'><strong><em>τροπαιοφόρον,</em></strong></span> <span class='ocrx_word' id='word_1_181' title='bbox 1760 1644 1805 1690; x_wconf 78' lang='grc' dir='ltr'>καί</span> <span class='ocrx_word' id='word_1_182' title='bbox 1822 1638 1867 1702; x_wconf 83' lang='grc' dir='ltr'><strong><em>τήν</em></strong></span> <span class='ocrx_word' id='word_1_183' title='bbox 1885 1644 1941 1693; x_wconf 75' lang='grc' dir='ltr'>νῦν</span> 
     </span>
     <span class='ocr_line' id='line_1_14' title="bbox 345 1725 1938 1799; baseline -0.004 -14"><span class='ocrx_word' id='word_1_184' title='bbox 345 1731 490 1799; x_wconf 73' lang='grc' dir='ltr'><strong><em>γενομένην</em></strong></span> <span class='ocrx_word' id='word_1_185' title='bbox 515 1727 558 1779; x_wconf 71' lang='lat' dir='ltr'>ini</span> <span class='ocrx_word' id='word_1_186' title='bbox 582 1731 634 1785; x_wconf 74' lang='grc' dir='ltr'><strong><em>τοῖς</em></strong></span> <span class='ocrx_word' id='word_1_187' title='bbox 658 1727 809 1795; x_wconf 73' lang='grc' dir='ltr'><strong><em>βαρβάροις</em></strong></span> <span class='ocrx_word' id='word_1_188' title='bbox 826 1728 1065 1794; x_wconf 76' lang='grc' dir='ltr'><strong><em>Θαυματοοργίανε</em></strong></span> <span class='ocrx_word' id='word_1_189' title='bbox 1093 1727 1172 1795; x_wconf 87' lang='lat' dir='ltr'>cujus</span> <span class='ocrx_word' id='word_1_190' title='bbox 1200 1727 1330 1791; x_wconf 85' lang='lat' dir='ltr'>initium,</span> <span class='ocrx_word' id='word_1_191' title='bbox 1355 1726 1402 1787; x_wconf 87' lang='grc' dir='ltr'>Ὡς</span> <span class='ocrx_word' id='word_1_192' title='bbox 1426 1725 1530 1796; x_wconf 75' lang='grc' dir='ltr'><strong><em>ἐυτυχής</em></strong></span> <span class='ocrx_word' id='word_1_193' title='bbox 1555 1725 1602 1777; x_wconf 76' lang='grc' dir='ltr'>καί</span> <span class='ocrx_word' id='word_1_194' title='bbox 1623 1728 1708 1779; x_wconf 78' lang='grc' dir='ltr'><strong><em>πάντα</em></strong></span> <span class='ocrx_word' id='word_1_195' title='bbox 1725 1729 1862 1798; x_wconf 78' lang='grc' dir='ltr'><strong><em>μακάριος</em></strong></span> <span class='ocrx_word' id='word_1_196' title='bbox 1880 1731 1938 1784; x_wconf 83' lang='lat' dir='ltr'>eto.</span> 
     </span>
     <span class='ocr_line' id='line_1_15' title="bbox 345 1815 1934 1885; baseline -0.001 -13"><span class='ocrx_word' id='word_1_197' title='bbox 345 1818 421 1873; x_wconf 81' lang='lat' dir='ltr'>Haec</span> <span class='ocrx_word' id='word_1_198' title='bbox 440 1817 538 1872; x_wconf 81' lang='lat' dir='ltr'>eadem</span> <span class='ocrx_word' id='word_1_199' title='bbox 562 1817 655 1868; x_wconf 74' lang='lat' dir='ltr'>Oratio</span> <span class='ocrx_word' id='word_1_200' title='bbox 674 1835 719 1867; x_wconf 80' lang='lat' dir='ltr'>seu</span> <span class='ocrx_word' id='word_1_201' title='bbox 739 1817 900 1868; x_wconf 80' lang='lat' dir='ltr'>Eneomimn</span> <span class='ocrx_word' id='word_1_202' title='bbox 919 1817 945 1866; x_wconf 81' lang='lat' dir='ltr'>iu</span> <span class='ocrx_word' id='word_1_203' title='bbox 965 1816 1145 1866; x_wconf 66' lang='lat' dir='ltr'>secretissimos</span> <span class='ocrx_word' id='word_1_204' title='bbox 1166 1816 1272 1884; x_wconf 82' lang='lat' dir='ltr'>Papae,</span> <span class='ocrx_word' id='word_1_205' title='bbox 1303 1818 1479 1885; x_wconf 64' lang='lat' dir='ltr'>Greemium,</span> <span class='ocrx_word' id='word_1_206' title='bbox 1505 1816 1639 1867; x_wconf 74' lang='lat' dir='ltr'>Basiliam</span> <span class='ocrx_word' id='word_1_207' title='bbox 1658 1821 1684 1867; x_wconf 82' lang='lat' dir='ltr'>et</span> <span class='ocrx_word' id='word_1_208' title='bbox 1705 1815 1934 1884; x_wconf 77' lang='lat' dir='ltr'>Cbryeoetomum‚</span> 
     </span>
     <span class='ocr_line' id='line_1_16' title="bbox 345 1903 1937 1975; baseline -0.002 -12"><span class='ocrx_word' id='word_1_209' title='bbox 345 1910 426 1963; x_wconf 81' lang='lat' dir='ltr'>extat</span> <span class='ocrx_word' id='word_1_210' title='bbox 449 1907 479 1959; x_wconf 90' lang='lat' dir='ltr'>in</span> <span class='ocrx_word' id='word_1_211' title='bbox 502 1906 600 1959; x_wconf 86' lang='lat' dir='ltr'>multis</span> <span class='ocrx_word' id='word_1_212' title='bbox 620 1906 740 1975; x_wconf 82' lang='lat' dir='ltr'>Angliae</span> <span class='ocrx_word' id='word_1_213' title='bbox 766 1904 947 1959; x_wconf 66' lang='lat' dir='ltr'>bibliothecis</span> <span class='ocrx_word' id='word_1_214' title='bbox 966 1903 1072 1957; x_wconf 84' lang='lat' dir='ltr'>Graece</span> <span class='ocrx_word' id='word_1_215' title='bbox 1091 1903 1148 1957; x_wconf 92' lang='lat' dir='ltr'>MS.</span> <span class='ocrx_word' id='word_1_216' title='bbox 1174 1905 1247 1959; x_wconf 86' lang='lat' dir='ltr'>inter</span> <span class='ocrx_word' id='word_1_217' title='bbox 1266 1905 1343 1959; x_wconf 87' lang='lat' dir='ltr'>MSS.</span> <span class='ocrx_word' id='word_1_218' title='bbox 1363 1905 1478 1960; x_wconf 80' lang='lat' dir='ltr'>Codices</span> <span class='ocrx_word' id='word_1_219' title='bbox 1499 1903 1669 1958; x_wconf 86' lang='lat' dir='ltr'>Bodleianae</span> <span class='ocrx_word' id='word_1_220' title='bbox 1688 1904 1883 1959; x_wconf 70' lang='lat' dir='ltr'>Bibliothecae</span> <span class='ocrx_word' id='word_1_221' title='bbox 1902 1906 1937 1962; x_wconf 90' lang='lat' dir='ltr'>in</span> 
     </span>
     <span class='ocr_line' id='line_1_17' title="bbox 341 1991 1937 2062; baseline -0.002 -11"><span class='ocrx_word' id='word_1_222' title='bbox 341 1997 419 2051; x_wconf 85' lang='lat' dir='ltr'>MSS.</span> <span class='ocrx_word' id='word_1_223' title='bbox 436 1995 614 2049; x_wconf 84' lang='lat' dir='ltr'>Baroccianis</span> <span class='ocrx_word' id='word_1_224' title='bbox 633 1994 735 2048; x_wconf 82' lang='lat' dir='ltr'>Codice</span> <span class='ocrx_word' id='word_1_225' title='bbox 757 2012 809 2060; x_wconf 84' lang='lat'><strong>¹97·</strong></span> <span class='ocrx_word' id='word_1_226' title='bbox 829 2010 892 2062; x_wconf 79' lang='lat' dir='ltr'>pag.</span> <span class='ocrx_word' id='word_1_227' title='bbox 911 1998 965 2056; x_wconf 85' lang='lat'>460.</span> <span class='ocrx_word' id='word_1_228' title='bbox 985 1991 1022 2045; x_wconf 87' lang='lat' dir='ltr'>ad</span> <span class='ocrx_word' id='word_1_229' title='bbox 1039 2012 1093 2058; x_wconf 83' lang='lat'>473.</span> <span class='ocrx_word' id='word_1_230' title='bbox 1131 1993 1240 2046; x_wconf 83' lang='lat' dir='ltr'>Ibidem</span> <span class='ocrx_word' id='word_1_231' title='bbox 1260 1993 1362 2048; x_wconf 78' lang='lat' dir='ltr'>Codice</span> <span class='ocrx_word' id='word_1_232' title='bbox 1381 2011 1435 2059; x_wconf 85' lang='lat'>290.</span> <span class='ocrx_word' id='word_1_233' title='bbox 1453 1993 1483 2045; x_wconf 88' lang='lat' dir='ltr'>in</span> <span class='ocrx_word' id='word_1_234' title='bbox 1503 1992 1708 2047; x_wconf 83' lang='lat' dir='ltr'>MSSOliverii</span> <span class='ocrx_word' id='word_1_235' title='bbox 1721 1993 1871 2047; x_wconf 88' lang='lat' dir='ltr'>Cromvelli</span> <span class='ocrx_word' id='word_1_236' title='bbox 1883 1994 1937 2048; x_wconf 90' lang='lat' dir='ltr'>Co-</span> 
     </span>
     <span class='ocr_line' id='line_1_18' title="bbox 329 2080 1938 2153; baseline 0 -14"><span class='ocrx_word' id='word_1_237' title='bbox 329 2085 405 2141; x_wconf 84' lang='lat' dir='ltr'>·dice</span> <span class='ocrx_word' id='word_1_238' title='bbox 425 2084 474 2138; x_wconf 90' lang='lat' dir='ltr'>Ill.</span> <span class='ocrx_word' id='word_1_239' title='bbox 494 2101 559 2153; x_wconf 82' lang='lat' dir='ltr'>pag.</span> <span class='ocrx_word' id='word_1_240' title='bbox 578 2102 617 2149; x_wconf 84' lang='lat'>29.</span> <span class='ocrx_word' id='word_1_241' title='bbox 635 2083 672 2135; x_wconf 90' lang='lat' dir='ltr'>ad</span> <span class='ocrx_word' id='word_1_242' title='bbox 692 2101 729 2146; x_wconf 90' lang='lat'>71.</span> <span class='ocrx_word' id='word_1_243' title='bbox 766 2083 844 2135; x_wconf 88' lang='lat' dir='ltr'>Inter</span> <span class='ocrx_word' id='word_1_244' title='bbox 862 2080 940 2135; x_wconf 89' lang='lat' dir='ltr'>MSS.</span> <span class='ocrx_word' id='word_1_245' title='bbox 960 2081 1074 2135; x_wconf 80' lang='lat' dir='ltr'>Codices</span> <span class='ocrx_word' id='word_1_246' title='bbox 1094 2082 1281 2136; x_wconf 83' lang='lat' dir='ltr'>Ecclesiarum</span> <span class='ocrx_word' id='word_1_247' title='bbox 1300 2081 1419 2151; x_wconf 82' lang='lat' dir='ltr'>Angliae</span> <span class='ocrx_word' id='word_1_248' title='bbox 1439 2081 1650 2136; x_wconf 87' lang='lat' dir='ltr'>Cathedralium</span> <span class='ocrx_word' id='word_1_249' title='bbox 1670 2085 1700 2136; x_wconf 87' lang='lat' dir='ltr'>et</span> <span class='ocrx_word' id='word_1_250' title='bbox 1717 2083 1836 2137; x_wconf 86' lang='lat' dir='ltr'>aliarum</span> <span class='ocrx_word' id='word_1_251' title='bbox 1862 2084 1938 2139; x_wconf 89' lang='lat' dir='ltr'>cele-</span> 
     </span>
     <span class='ocr_line' id='line_1_19' title="bbox 345 2169 1937 2238; baseline 0 -10"><span class='ocrx_word' id='word_1_252' title='bbox 345 2173 438 2228; x_wconf 84' lang='lat' dir='ltr'>brium</span> <span class='ocrx_word' id='word_1_253' title='bbox 458 2173 700 2226; x_wconf 89' lang='lat' dir='ltr'>Bibliothecarum</span> <span class='ocrx_word' id='word_1_254' title='bbox 719 2189 795 2224; x_wconf 89' lang='lat' dir='ltr'>num.</span> <span class='ocrx_word' id='word_1_255' title='bbox 814 2176 884 2238; x_wconf 82' lang='lat'>5863.</span> <span class='ocrx_word' id='word_1_256' title='bbox 917 2171 945 2222; x_wconf 90' lang='lat' dir='ltr'>in</span> <span class='ocrx_word' id='word_1_257' title='bbox 965 2171 1043 2224; x_wconf 86' lang='lat' dir='ltr'>MSS.</span> <span class='ocrx_word' id='word_1_258' title='bbox 1063 2169 1178 2224; x_wconf 85' lang='lat' dir='ltr'>Graecis</span> <span class='ocrx_word' id='word_1_259' title='bbox 1195 2171 1319 2225; x_wconf 87' lang='lat' dir='ltr'>Thomae</span> <span class='ocrx_word' id='word_1_260' title='bbox 1339 2170 1438 2224; x_wconf 84' lang='lat' dir='ltr'>Galaei</span> <span class='ocrx_word' id='word_1_261' title='bbox 1457 2171 1558 2225; x_wconf 81' lang='lat' dir='ltr'>Codice</span> <span class='ocrx_word' id='word_1_262' title='bbox 1575 2191 1613 2238; x_wconf 86' lang='lat'>29.</span> <span class='ocrx_word' id='word_1_263' title='bbox 1659 2172 1731 2225; x_wconf 90' lang='lat' dir='ltr'>ltem</span> <span class='ocrx_word' id='word_1_264' title='bbox 1756 2172 1830 2226; x_wconf 89' lang='lat' dir='ltr'>inter</span> <span class='ocrx_word' id='word_1_265' title='bbox 1854 2170 1937 2228; x_wconf 85' lang='lat' dir='ltr'>MSS.</span> 
     </span>
     <span class='ocr_line' id='line_1_20' title="bbox 343 2258 1937 2326; baseline -0.001 -8"><span class='ocrx_word' id='word_1_266' title='bbox 343 2262 460 2318; x_wconf 82' lang='lat' dir='ltr'>Codices</span> <span class='ocrx_word' id='word_1_267' title='bbox 479 2260 652 2315; x_wconf 89' lang='lat' dir='ltr'>Bodleianae</span> <span class='ocrx_word' id='word_1_268' title='bbox 672 2259 866 2313; x_wconf 79' lang='lat' dir='ltr'>Bibliothecae</span> <span class='ocrx_word' id='word_1_269' title='bbox 886 2275 1002 2312; x_wconf 86' lang='lat' dir='ltr'>numero</span> <span class='ocrx_word' id='word_1_270' title='bbox 1022 2277 1090 2326; x_wconf 81' lang='lat'>2925.</span> <span class='ocrx_word' id='word_1_271' title='bbox 1108 2259 1137 2312; x_wconf 90' lang='lat' dir='ltr'>in</span> <span class='ocrx_word' id='word_1_272' title='bbox 1157 2258 1234 2314; x_wconf 84' lang='lat' dir='ltr'>MSS.</span> <span class='ocrx_word' id='word_1_273' title='bbox 1255 2259 1370 2313; x_wconf 83' lang='lat' dir='ltr'>Graecia</span> <span class='ocrx_word' id='word_1_274' title='bbox 1388 2259 1511 2314; x_wconf 87' lang='lat' dir='ltr'>Thomae</span> <span class='ocrx_word' id='word_1_275' title='bbox 1531 2259 1642 2314; x_wconf 90' lang='lat' dir='ltr'>Bodleii</span> <span class='ocrx_word' id='word_1_276' title='bbox 1661 2260 1727 2315; x_wconf 90' lang='lat' dir='ltr'>Cod.</span> <span class='ocrx_word' id='word_1_277' title='bbox 1748 2261 1937 2325; x_wconf 69' lang='lat' dir='ltr'>meletianis</span> 
     </span>
     <span class='ocr_line' id='line_1_21' title="bbox 342 2348 1938 2420; baseline 0.003 -17"><span class='ocrx_word' id='word_1_278' title='bbox 342 2351 535 2420; x_wconf 77' lang='lat' dir='ltr'>Metropolitae</span> <span class='ocrx_word' id='word_1_279' title='bbox 548 2350 735 2402; x_wconf 77' lang='lat' dir='ltr'>Euchaiteoeis</span> <span class='ocrx_word' id='word_1_280' title='bbox 751 2348 965 2400; x_wconf 81' lang='lat' dir='ltr'>Commentarius</span> <span class='ocrx_word' id='word_1_281' title='bbox 977 2349 1006 2399; x_wconf 83' lang='lat' dir='ltr'>m</span> <span class='ocrx_word' id='word_1_282' title='bbox 1019 2349 1139 2417; x_wconf 64' lang='lat' dir='ltr'>Maenas</span> <span class='ocrx_word' id='word_1_283' title='bbox 1150 2350 1289 2416; x_wconf 81' lang='lat' dir='ltr'>sertorum</span> <span class='ocrx_word' id='word_1_284' title='bbox 1308 2349 1413 2400; x_wconf 83' lang='lat' dir='ltr'>tabulae</span> <span class='ocrx_word' id='word_1_285' title='bbox 1428 2366 1479 2419; x_wconf 80' lang='lat' dir='ltr'>per</span> <span class='ocrx_word' id='word_1_286' title='bbox 1493 2349 1599 2401; x_wconf 82' lang='lat' dir='ltr'>modum</span> <span class='ocrx_word' id='word_1_287' title='bbox 1612 2349 1804 2418; x_wconf 74' lang='grc' dir='ltr'><strong><em>Εομλινοοίυυι,</em></strong></span> <span class='ocrx_word' id='word_1_288' title='bbox 1827 2349 1938 2408; x_wconf 82' lang='lat' dir='ltr'>Graeca</span> 
     </span>
     <span class='ocr_line' id='line_1_22' title="bbox 343 2436 1938 2506; baseline 0 -14"><span class='ocrx_word' id='word_1_289' title='bbox 343 2438 373 2492; x_wconf 87' lang='lat' dir='ltr'>in</span> <span class='ocrx_word' id='word_1_290' title='bbox 392 2459 416 2503; x_wconf 90' lang='lat'>4.</span> <span class='ocrx_word' id='word_1_291' title='bbox 452 2438 489 2491; x_wconf 84' lang='lat' dir='ltr'>Et</span> <span class='ocrx_word' id='word_1_292' title='bbox 506 2437 613 2492; x_wconf 89' lang='lat' dir='ltr'>ibidem</span> <span class='ocrx_word' id='word_1_293' title='bbox 632 2454 708 2489; x_wconf 91' lang='lat' dir='ltr'>num.</span> <span class='ocrx_word' id='word_1_294' title='bbox 719 2456 787 2503; x_wconf 83' lang='lat'>3015.</span> <span class='ocrx_word' id='word_1_295' title='bbox 808 2436 958 2491; x_wconf 74' lang='lat' dir='ltr'>Codicehb.</span> <span class='ocrx_word' id='word_1_296' title='bbox 982 2436 1197 2489; x_wconf 79' lang='lat' dir='ltr'>Commentarius</span> <span class='ocrx_word' id='word_1_297' title='bbox 1214 2438 1409 2505; x_wconf 80' lang='lat' dir='ltr'>Eepbroeticas</span> <span class='ocrx_word' id='word_1_298' title='bbox 1427 2440 1456 2489; x_wconf 87' lang='grc' dir='ltr'>εὐ</span> <span class='ocrx_word' id='word_1_299' title='bbox 1475 2456 1585 2506; x_wconf 70' lang='lat' dir='ltr'>mayaco</span> <span class='ocrx_word' id='word_1_300' title='bbox 1594 2439 1732 2505; x_wconf 77' lang='lat' dir='ltr'>scelerum</span> <span class='ocrx_word' id='word_1_301' title='bbox 1753 2438 1855 2492; x_wconf 70' lang='lat' dir='ltr'>misulas</span> <span class='ocrx_word' id='word_1_302' title='bbox 1874 2457 1938 2492; x_wconf 86' lang='lat' dir='ltr'>ear-</span> 
     </span>
     <span class='ocr_line' id='line_1_23' title="bbox 343 2526 1936 2596; baseline 0.001 -16"><span class='ocrx_word' id='word_1_303' title='bbox 343 2530 414 2580; x_wconf 82' lang='lat' dir='ltr'>mine</span> <span class='ocrx_word' id='word_1_304' title='bbox 438 2528 560 2580; x_wconf 84' lang='lat' dir='ltr'>Jemtiro</span> <span class='ocrx_word' id='word_1_305' title='bbox 590 2528 705 2590; x_wconf 79' lang='lat' dir='ltr'>Graece,</span> <span class='ocrx_word' id='word_1_306' title='bbox 729 2544 781 2594; x_wconf 81' lang='lat' dir='ltr'>per</span> <span class='ocrx_word' id='word_1_307' title='bbox 805 2526 939 2577; x_wconf 82' lang='lat' dir='ltr'>Joanaem</span> <span class='ocrx_word' id='word_1_308' title='bbox 963 2527 1165 2579; x_wconf 80' lang='lat' dir='ltr'>Euoloilarum</span> <span class='ocrx_word' id='word_1_309' title='bbox 1189 2527 1394 2596; x_wconf 80' lang='lat' dir='ltr'>Metropolitom</span> <span class='ocrx_word' id='word_1_310' title='bbox 1419 2527 1448 2580; x_wconf 90' lang='lat' dir='ltr'>in</span> <span class='ocrx_word' id='word_1_311' title='bbox 1473 2526 1521 2580; x_wconf 87' lang='lat' dir='ltr'>fol.</span> <span class='ocrx_word' id='word_1_312' title='bbox 1568 2527 1674 2580; x_wconf 76' lang='lat' dir='ltr'>Extant</span> <span class='ocrx_word' id='word_1_313' title='bbox 1698 2530 1794 2582; x_wconf 85' lang='lat' dir='ltr'>autem</span> <span class='ocrx_word' id='word_1_314' title='bbox 1816 2528 1936 2582; x_wconf 76' lang='lat' dir='ltr'>Joanm&#39;e</span> 
     </span>
     <span class='ocr_line' id='line_1_24' title="bbox 341 2614 1939 2684; baseline 0.002 -15"><span class='ocrx_word' id='word_1_315' title='bbox 341 2616 525 2684; x_wconf 82' lang='lat' dir='ltr'>Mauropodie</span> <span class='ocrx_word' id='word_1_316' title='bbox 546 2614 676 2666; x_wconf 84' lang='lat' dir='ltr'>Poemota</span> <span class='ocrx_word' id='word_1_317' title='bbox 695 2633 772 2666; x_wconf 81' lang='lat' dir='ltr'>sacre</span> <span class='ocrx_word' id='word_1_318' title='bbox 791 2621 894 2666; x_wconf 80' lang='lat' dir='ltr'>centem</span> <span class='ocrx_word' id='word_1_319' title='bbox 914 2620 939 2666; x_wconf 81' lang='lat' dir='ltr'>et</span> <span class='ocrx_word' id='word_1_320' title='bbox 957 2615 1019 2676; x_wconf 82' lang='lat' dir='ltr'>duo,</span> <span class='ocrx_word' id='word_1_321' title='bbox 1041 2632 1103 2668; x_wconf 88' lang='lat' dir='ltr'>cum</span> <span class='ocrx_word' id='word_1_322' title='bbox 1130 2615 1191 2667; x_wconf 81' lang='lat' dir='ltr'>Vita</span> <span class='ocrx_word' id='word_1_323' title='bbox 1212 2616 1294 2684; x_wconf 74' lang='lat' dir='ltr'>ipsius</span> <span class='ocrx_word' id='word_1_324' title='bbox 1313 2614 1494 2668; x_wconf 65' lang='lat' dir='ltr'>Poematibus</span> <span class='ocrx_word' id='word_1_325' title='bbox 1513 2615 1674 2683; x_wconf 86' lang='lat' dir='ltr'>praemissa,</span> <span class='ocrx_word' id='word_1_326' title='bbox 1693 2616 1769 2669; x_wconf 85' lang='lat' dir='ltr'>inter</span> <span class='ocrx_word' id='word_1_327' title='bbox 1786 2615 1865 2670; x_wconf 89' lang='lat' dir='ltr'>MSS.</span> <span class='ocrx_word' id='word_1_328' title='bbox 1884 2616 1939 2672; x_wconf 90' lang='lat' dir='ltr'>Co·</span> 
     </span>
     <span class='ocr_line' id='line_1_25' title="bbox 342 2702 1937 2772; baseline 0.001 -13"><span class='ocrx_word' id='word_1_329' title='bbox 342 2705 419 2760; x_wconf 89' lang='lat' dir='ltr'>dices</span> <span class='ocrx_word' id='word_1_330' title='bbox 438 2703 621 2772; x_wconf 83' lang='lat' dir='ltr'>Theologioos</span> <span class='ocrx_word' id='word_1_331' title='bbox 632 2703 751 2758; x_wconf 85' lang='lat' dir='ltr'>Graecos</span> <span class='ocrx_word' id='word_1_332' title='bbox 766 2703 959 2757; x_wconf 82' lang='lat' dir='ltr'>Bibliothecae</span> <span class='ocrx_word' id='word_1_333' title='bbox 971 2703 1124 2758; x_wconf 79' lang='lat' dir='ltr'>Caesareae</span> <span class='ocrx_word' id='word_1_334' title='bbox 1137 2703 1372 2767; x_wconf 85' lang='lat' dir='ltr'>Vindobonensis,</span> <span class='ocrx_word' id='word_1_335' title='bbox 1391 2703 1491 2757; x_wconf 89' lang='lat' dir='ltr'>Codice</span> <span class='ocrx_word' id='word_1_336' title='bbox 1507 2702 1598 2757; x_wconf 84' lang='lat' dir='ltr'>CCXI.</span> <span class='ocrx_word' id='word_1_337' title='bbox 1617 2706 1650 2756; x_wconf 82' lang='lat' dir='ltr'>ut</span> <span class='ocrx_word' id='word_1_338' title='bbox 1669 2705 1754 2759; x_wconf 78' lang='lat' dir='ltr'>hahet</span> <span class='ocrx_word' id='word_1_339' title='bbox 1768 2706 1937 2761; x_wconf 75' lang='lat' dir='ltr'>lambecius</span> 
     </span>
     <span class='ocr_line' id='line_1_26' title="bbox 342 2790 1937 2860; baseline 0.001 -13"><span class='ocrx_word' id='word_1_340' title='bbox 342 2793 429 2847; x_wconf 85' lang='lat' dir='ltr'>Tomo</span> <span class='ocrx_word' id='word_1_341' title='bbox 443 2793 476 2846; x_wconf 87' lang='lat' dir='ltr'>V.</span> <span class='ocrx_word' id='word_1_342' title='bbox 513 2790 785 2845; x_wconf 86' lang='lat' dir='ltr'>Commentariorum</span> <span class='ocrx_word' id='word_1_343' title='bbox 804 2792 887 2860; x_wconf 82' lang='lat' dir='ltr'>hujus</span> <span class='ocrx_word' id='word_1_344' title='bbox 901 2792 1095 2846; x_wconf 81' lang='lat' dir='ltr'>Bibliothecae</span> <span class='ocrx_word' id='word_1_345' title='bbox 1113 2811 1140 2860; x_wconf 89' lang='lat' dir='ltr'>p.</span> <span class='ocrx_word' id='word_1_346' title='bbox 1152 2811 1188 2859; x_wconf 79' lang='grc' dir='ltr'>οη.</span> <span class='ocrx_word' id='word_1_347' title='bbox 1208 2808 1327 2859; x_wconf 89' lang='lat' dir='ltr'>quorum</span> <span class='ocrx_word' id='word_1_348' title='bbox 1346 2791 1549 2860; x_wconf 86' lang='lat' dir='ltr'>Opueculorum</span> <span class='ocrx_word' id='word_1_349' title='bbox 1568 2792 1614 2846; x_wconf 92' lang='lat' dir='ltr'>hic</span> <span class='ocrx_word' id='word_1_350' title='bbox 1632 2793 1735 2847; x_wconf 87' lang='lat' dir='ltr'>titulus</span> <span class='ocrx_word' id='word_1_351' title='bbox 1753 2796 1808 2848; x_wconf 90' lang='lat' dir='ltr'>est:</span> <span class='ocrx_word' id='word_1_352' title='bbox 1832 2799 1888 2846; x_wconf 75' lang='grc' dir='ltr'>Τοῦ</span> <span class='ocrx_word' id='word_1_353' title='bbox 1905 2797 1937 2849; x_wconf 68' lang='lat' dir='ltr'>iv</span> 
     </span>
     <span class='ocr_line' id='line_1_27' title="bbox 342 2873 1937 2952; baseline 0.001 -19"><span class='ocrx_word' id='word_1_354' title='bbox 342 2882 432 2951; x_wconf 76' lang='grc' dir='ltr'><strong><em>ἁγίοις</em></strong></span> <span class='ocrx_word' id='word_1_355' title='bbox 449 2878 549 2949; x_wconf 80' lang='grc' dir='ltr'><strong><em>πατρὸς</em></strong></span> <span class='ocrx_word' id='word_1_356' title='bbox 568 2878 645 2949; x_wconf 77' lang='grc' dir='ltr'><strong><em>ήμαῖν</em></strong></span> <span class='ocrx_word' id='word_1_357' title='bbox 660 2881 792 2932; x_wconf 81' lang='grc' dir='ltr'><strong><em>Ἰωάννου</em></strong></span> <span class='ocrx_word' id='word_1_358' title='bbox 811 2882 1013 2947; x_wconf 79' lang='grc' dir='ltr'><strong><em>Μητροπολίτου</em></strong></span> <span class='ocrx_word' id='word_1_359' title='bbox 1029 2877 1172 2951; x_wconf 86' lang='grc' dir='ltr'><strong><em>Ἐυχαίτων</em></strong></span> <span class='ocrx_word' id='word_1_360' title='bbox 1190 2879 1345 2951; x_wconf 78' lang='grc' dir='ltr'><strong><em>ὑπόμνημα.</em></strong></span> <span class='ocrx_word' id='word_1_361' title='bbox 1361 2879 1388 2933; x_wconf 82' lang='lat'>0‘</span> <span class='ocrx_word' id='word_1_362' title='bbox 1408 2884 1465 2947; x_wconf 81' lang='grc' dir='ltr'><strong><em>βίος</em></strong></span> <span class='ocrx_word' id='word_1_363' title='bbox 1556 2883 1639 2952; x_wconf 80' lang='grc'>1608</span> <span class='ocrx_word' id='word_1_364' title='bbox 1659 2881 1667 2950; x_wconf 92' lang='grc' dir='ltr'>Ι</span> <span class='ocrx_word' id='word_1_365' title='bbox 1748 2873 1822 2942; x_wconf 79' lang='grc' dir='ltr'><strong><em>οὗτος</em></strong></span> <span class='ocrx_word' id='word_1_366' title='bbox 1839 2877 1872 2948; x_wconf 84' lang='grc' dir='ltr'><strong><em>ήν</em></strong></span> <span class='ocrx_word' id='word_1_367' title='bbox 1889 2885 1937 2938; x_wconf 73' lang='lat' dir='ltr'>ere</span> 
     </span>
     <span class='ocr_line' id='line_1_28' title="bbox 341 2968 1935 3040; baseline 0.004 -18"><span class='ocrx_word' id='word_1_368' title='bbox 341 2973 390 3022; x_wconf 82' lang='grc' dir='ltr'>τοά</span> <span class='ocrx_word' id='word_1_369' title='bbox 413 2972 540 3036; x_wconf 71' lang='grc' dir='ltr'><strong><em>βασιλέως</em></strong></span> <span class='ocrx_word' id='word_1_370' title='bbox 554 2968 694 3038; x_wconf 76' lang='grc' dir='ltr'><strong><em>Ῥωμαίων</em></strong></span> <span class='ocrx_word' id='word_1_371' title='bbox 712 2973 912 3022; x_wconf 80' lang='grc' dir='ltr'><strong><em>Κωνσταντίνου</em></strong></span> <span class='ocrx_word' id='word_1_372' title='bbox 935 2974 982 3022; x_wconf 78' lang='grc' dir='ltr'>τοῦ</span> <span class='ocrx_word' id='word_1_373' title='bbox 1000 2971 1187 3040; x_wconf 88' lang='grc' dir='ltr'><strong><em>Μονομάχου,</em></strong></span> <span class='ocrx_word' id='word_1_374' title='bbox 1212 2971 1259 3022; x_wconf 81' lang='grc' dir='ltr'>καί</span> <span class='ocrx_word' id='word_1_375' title='bbox 1276 2974 1355 3035; x_wconf 84' lang='grc' dir='ltr'><strong><em>Ζωής</em></strong></span> <span class='ocrx_word' id='word_1_376' title='bbox 1377 2974 1420 3034; x_wconf 83' lang='grc' dir='ltr'>τῆς</span> <span class='ocrx_word' id='word_1_377' title='bbox 1444 2972 1604 3037; x_wconf 74' lang='grc' dir='ltr'><strong><em>βασιλίσσης.</em></strong></span> <span class='ocrx_word' id='word_1_378' title='bbox 1630 2972 1670 3036; x_wconf 82' lang='grc' dir='ltr'>ἔτη</span> <span class='ocrx_word' id='word_1_379' title='bbox 1693 2971 1723 3024; x_wconf 74' lang='grc' dir='ltr'>δὲ</span> <span class='ocrx_word' id='word_1_380' title='bbox 1745 2969 1773 3024; x_wconf 84' lang='grc' dir='ltr'>τό</span> <span class='ocrx_word' id='word_1_381' title='bbox 1800 2969 1855 3025; x_wconf 80' lang='lat' dir='ltr'>cini</span> <span class='ocrx_word' id='word_1_382' title='bbox 1878 2973 1935 3029; x_wconf 83' lang='grc' dir='ltr'><strong><em>τότε</em></strong></span> 
     </span>
     <span class='ocr_line' id='line_1_29' title="bbox 343 3056 1935 3132; baseline 0.002 -20"><span class='ocrx_word' id='word_1_383' title='bbox 343 3062 468 3112; x_wconf 75' lang='grc' dir='ltr'><strong><em>συντείνει</em></strong></span> <span class='ocrx_word' id='word_1_384' title='bbox 490 3058 612 3123; x_wconf 76' lang='grc' dir='ltr'><strong><em>ἑξήκοντα</em></strong></span> <span class='ocrx_word' id='word_1_385' title='bbox 638 3061 751 3126; x_wconf 82' lang='grc' dir='ltr'><strong><em>τέσσαρα</em></strong></span> <span class='ocrx_word' id='word_1_386' title='bbox 775 3056 845 3128; x_wconf 81' lang='grc' dir='ltr'><strong><em>πρός</em></strong></span> <span class='ocrx_word' id='word_1_387' title='bbox 870 3064 925 3118; x_wconf 89' lang='grc' dir='ltr'><strong><em>τοῖς</em></strong></span> <span class='ocrx_word' id='word_1_388' title='bbox 945 3062 1135 3119; x_wconf 80' lang='grc' dir='ltr'><strong><em>πεντακοσίοις.</em></strong></span> <span class='ocrx_word' id='word_1_389' title='bbox 1163 3057 1233 3128; x_wconf 78' lang='grc' dir='ltr'><strong><em>α’νήρ</em></strong></span> <span class='ocrx_word' id='word_1_390' title='bbox 1258 3059 1287 3112; x_wconf 82' lang='lat' dir='ltr'>di·</span> <span class='ocrx_word' id='word_1_391' title='bbox 1310 3061 1461 3126; x_wconf 75' lang='grc' dir='ltr'><strong><em>σοφώτατος</em></strong></span> <span class='ocrx_word' id='word_1_392' title='bbox 1478 3059 1525 3112; x_wconf 79' lang='grc' dir='ltr'>καλ</span> <span class='ocrx_word' id='word_1_393' title='bbox 1543 3057 1688 3128; x_wconf 84' lang='grc' dir='ltr'><strong><em>άγιυίτατος</em></strong></span> <span class='ocrx_word' id='word_1_394' title='bbox 1706 3060 1751 3124; x_wconf 81' lang='grc' dir='ltr'><strong><em>ὢν,</em></strong></span> <span class='ocrx_word' id='word_1_395' title='bbox 1778 3064 1935 3132; x_wconf 79' lang='grc' dir='ltr'><strong><em>σονίγραψι</em></strong></span> 
     </span>
     <span class='ocr_line' id='line_1_30' title="bbox 343 3146 1936 3220; baseline 0.003 -19"><span class='ocrx_word' id='word_1_396' title='bbox 343 3150 448 3205; x_wconf 73' lang='grc' dir='ltr'><strong><em>πλείους</em></strong></span> <span class='ocrx_word' id='word_1_397' title='bbox 465 3151 519 3199; x_wconf 72' lang='grc' dir='ltr'><strong><em>τοῖν</em></strong></span> <span class='ocrx_word' id='word_1_398' title='bbox 537 3148 633 3216; x_wconf 88' lang='grc' dir='ltr'><strong><em>λόγων,</em></strong></span> <span class='ocrx_word' id='word_1_399' title='bbox 653 3147 699 3198; x_wconf 78' lang='grc' dir='ltr'>καί</span> <span class='ocrx_word' id='word_1_400' title='bbox 717 3146 854 3208; x_wconf 72' lang='grc' dir='ltr'><strong><em>ἐπιστολάς</em></strong></span> <span class='ocrx_word' id='word_1_401' title='bbox 872 3148 917 3200; x_wconf 81' lang='grc' dir='ltr'>καί</span> <span class='ocrx_word' id='word_1_402' title='bbox 935 3151 1040 3218; x_wconf 78' lang='grc' dir='ltr'><strong><em>στίχους</em></strong></span> <span class='ocrx_word' id='word_1_403' title='bbox 1055 3146 1222 3218; x_wconf 75' lang='grc' dir='ltr'><strong><em>Ἰαμριαοάς,</em></strong></span> <span class='ocrx_word' id='word_1_404' title='bbox 1249 3148 1296 3200; x_wconf 83' lang='grc' dir='ltr'>καὶ</span> <span class='ocrx_word' id='word_1_405' title='bbox 1314 3150 1381 3201; x_wconf 86' lang='grc' dir='ltr'><strong><em>άλλα</em></strong></span> <span class='ocrx_word' id='word_1_406' title='bbox 1400 3149 1484 3201; x_wconf 79' lang='grc' dir='ltr'><strong><em>πολλὰ</em></strong></span> <span class='ocrx_word' id='word_1_407' title='bbox 1505 3149 1588 3218; x_wconf 88' lang='grc' dir='ltr'><strong><em>λόγου</em></strong></span> <span class='ocrx_word' id='word_1_408' title='bbox 1606 3149 1652 3200; x_wconf 82' lang='grc' dir='ltr'>καλ</span> <span class='ocrx_word' id='word_1_409' title='bbox 1666 3151 1778 3220; x_wconf 85' lang='grc' dir='ltr'><strong><em>χάριτος</em></strong></span> <span class='ocrx_word' id='word_1_410' title='bbox 1795 3151 1867 3217; x_wconf 80' lang='grc' dir='ltr'><strong><em>ἄξια,</em></strong></span> <span class='ocrx_word' id='word_1_411' title='bbox 1885 3154 1936 3205; x_wconf 73' lang='grc' dir='ltr'>καί</span> 
     </span>
     <span class='ocr_line' id='line_1_31' title="bbox 342 3234 1937 3309; baseline 0.002 -21"><span class='ocrx_word' id='word_1_412' title='bbox 342 3234 458 3294; x_wconf 69' lang='grc' dir='ltr'><strong><em>πολλοὺς</em></strong></span> <span class='ocrx_word' id='word_1_413' title='bbox 475 3240 528 3288; x_wconf 74' lang='grc' dir='ltr'><strong><em>τάν</em></strong></span> <span class='ocrx_word' id='word_1_414' title='bbox 546 3235 701 3304; x_wconf 77' lang='grc' dir='ltr'><strong><em>άνθροίττων</em></strong></span> <span class='ocrx_word' id='word_1_415' title='bbox 720 3238 892 3301; x_wconf 74' lang='grc' dir='ltr'><strong><em>ἔξεσαίόευσε,</em></strong></span> <span class='ocrx_word' id='word_1_416' title='bbox 919 3239 1124 3304; x_wconf 79' lang='grc' dir='ltr'><strong><em>πεπληρωμένος</em></strong></span> <span class='ocrx_word' id='word_1_417' title='bbox 1142 3236 1181 3289; x_wconf 79' lang='grc' dir='ltr'><strong><em>τόν</em></strong></span> <span class='ocrx_word' id='word_1_418' title='bbox 1199 3242 1242 3302; x_wconf 81' lang='grc' dir='ltr'>τῆς</span> <span class='ocrx_word' id='word_1_419' title='bbox 1259 3241 1306 3289; x_wconf 76' lang='grc' dir='ltr'>τοῦ</span> <span class='ocrx_word' id='word_1_420' title='bbox 1323 3241 1459 3308; x_wconf 85' lang='grc' dir='ltr'><strong><em>παναγίου</em></strong></span> <span class='ocrx_word' id='word_1_421' title='bbox 1478 3237 1627 3306; x_wconf 73' lang='grc' dir='ltr'><strong><em>πνεύματος</em></strong></span> <span class='ocrx_word' id='word_1_422' title='bbox 1641 3240 1761 3309; x_wconf 85' lang='grc' dir='ltr'><strong><em>χάριτος.</em></strong></span> <span class='ocrx_word' id='word_1_423' title='bbox 1797 3241 1937 3309; x_wconf 78' lang='lat' dir='ltr'>Sequitur</span> 
     </span>
     <span class='ocr_line' id='line_1_32' title="bbox 341 3325 1939 3401; baseline 0.004 -23"><span class='ocrx_word' id='word_1_424' title='bbox 341 3325 445 3380; x_wconf 84' lang='lat' dir='ltr'>deinde</span> <span class='ocrx_word' id='word_1_425' title='bbox 458 3325 631 3377; x_wconf 82' lang='lat' dir='ltr'>Prooemium</span> <span class='ocrx_word' id='word_1_426' title='bbox 643 3325 795 3378; x_wconf 79' lang='lat' dir='ltr'>Jambicem</span> <span class='ocrx_word' id='word_1_427' title='bbox 809 3326 897 3379; x_wconf 84' lang='lat' dir='ltr'>totius</span> <span class='ocrx_word' id='word_1_428' title='bbox 913 3326 979 3379; x_wconf 85' lang='lat' dir='ltr'>libri</span> <span class='ocrx_word' id='word_1_429' title='bbox 997 3327 1049 3380; x_wconf 90' lang='lat' dir='ltr'>hoc</span> <span class='ocrx_word' id='word_1_430' title='bbox 1062 3326 1158 3380; x_wconf 90' lang='lat' dir='ltr'>modo:</span> <span class='ocrx_word' id='word_1_431' title='bbox 1177 3327 1356 3398; x_wconf 84' lang='grc' dir='ltr'><strong><em>Πρόγραμμα</em></strong></span> <span class='ocrx_word' id='word_1_432' title='bbox 1373 3330 1410 3387; x_wconf 87' lang='grc' dir='ltr'>είς</span> <span class='ocrx_word' id='word_1_433' title='bbox 1427 3325 1472 3392; x_wconf 86' lang='grc' dir='ltr'><strong><em>τήν</em></strong></span> <span class='ocrx_word' id='word_1_434' title='bbox 1491 3325 1553 3391; x_wconf 82' lang='grc' dir='ltr'><strong><em>ὅλην</em></strong></span> <span class='ocrx_word' id='word_1_435' title='bbox 1570 3330 1671 3395; x_wconf 73' lang='grc' dir='ltr'><strong><em>βίβλον.</em></strong></span> <span class='ocrx_word' id='word_1_436' title='bbox 1690 3336 1773 3399; x_wconf 80' lang='grc' dir='ltr'><strong><em>στίχοι</em></strong></span> <span class='ocrx_word' id='word_1_437' title='bbox 1787 3329 1939 3401; x_wconf 76' lang='grc' dir='ltr'><strong><em>Ἰαμβιττοί.</em></strong></span> 
     </span>
     <span class='ocr_line' id='line_1_33' title="bbox 452 3413 1078 3485; baseline 0 -20"><span class='ocrx_word' id='word_1_438' title='bbox 452 3416 542 3465; x_wconf 81' lang='grc' dir='ltr'><strong><em>Πάλαι</em></strong></span> <span class='ocrx_word' id='word_1_439' title='bbox 560 3413 698 3483; x_wconf 72' lang='grc' dir='ltr'><strong><em>διδαχθείς</em></strong></span> <span class='ocrx_word' id='word_1_440' title='bbox 717 3413 753 3472; x_wconf 78' lang='grc' dir='ltr'>ὥς</span> <span class='ocrx_word' id='word_1_441' title='bbox 772 3414 880 3483; x_wconf 81' lang='grc' dir='ltr'><strong><em>ἄριστον</em></strong></span> <span class='ocrx_word' id='word_1_442' title='bbox 897 3418 954 3466; x_wconf 68' lang='lat' dir='ltr'>noir</span> <span class='ocrx_word' id='word_1_443' title='bbox 972 3416 1078 3485; x_wconf 79' lang='grc' dir='ltr'><strong><em>μέτρον,</em></strong></span> 
     </span>
    </p>
   </div>
   <div class='ocr_carea' id='block_1_3' title="bbox 453 3501 1050 3644">
    <p class='ocr_par' dir='ltr' id='par_1_3' title="bbox 453 3501 1050 3644">
     <span class='ocr_line' id='line_1_34' title="bbox 453 3501 1050 3585; baseline 0.003 -31"><span class='ocrx_word' id='word_1_444' title='bbox 453 3504 518 3555; x_wconf 84' lang='grc' dir='ltr'><strong><em>Τότι</em></strong></span> <span class='ocrx_word' id='word_1_445' title='bbox 539 3503 607 3554; x_wconf 83' lang='grc' dir='ltr'><strong><em>ἄλλα</em></strong></span> <span class='ocrx_word' id='word_1_446' title='bbox 627 3502 714 3553; x_wconf 83' lang='grc' dir='ltr'><strong><em>πάντα</em></strong></span> <span class='ocrx_word' id='word_1_447' title='bbox 731 3501 862 3570; x_wconf 85' lang='grc' dir='ltr'><strong><em>μετριάζω</em></strong></span> <span class='ocrx_word' id='word_1_448' title='bbox 881 3502 927 3585; x_wconf 60' lang='grc' dir='ltr'>καί</span> <span class='ocrx_word' id='word_1_449' title='bbox 945 3503 1050 3574; x_wconf 87' lang='grc' dir='ltr'><strong><em>λόγους.</em></strong></span> 
     </span>
     <span class='ocr_line' id='line_1_35' title="bbox 654 3593 709 3644; baseline -0.018 0"><span class='ocrx_word' id='word_1_450' title='bbox 654 3593 709 3644; x_wconf 88' lang='lat' dir='ltr'>etc.</span> 
     </span>
    </p>
   </div>
   <div class='ocr_carea' id='block_1_4' title="bbox 342 3679 1940 3837">
    <p class='ocr_par' dir='ltr' id='par_1_4' title="bbox 342 3679 1940 3837">
     <span class='ocr_line' id='line_1_36' title="bbox 450 3679 1940 3752; baseline 0.009 -19"><span class='ocrx_word' id='word_1_451' title='bbox 450 3679 581 3749; x_wconf 84' lang='lat' dir='ltr'>Ejusdem</span> <span class='ocrx_word' id='word_1_452' title='bbox 606 3680 727 3732; x_wconf 79' lang='lat' dir='ltr'>Cenoma</span> <span class='ocrx_word' id='word_1_453' title='bbox 740 3679 900 3746; x_wconf 79' lang='lat' dir='ltr'>peracletiei</span> <span class='ocrx_word' id='word_1_454' title='bbox 922 3680 981 3734; x_wconf 89' lang='lat' dir='ltr'>sive</span> <span class='ocrx_word' id='word_1_455' title='bbox 1011 3679 1122 3733; x_wconf 81' lang='lat' dir='ltr'>Cantica</span> <span class='ocrx_word' id='word_1_456' title='bbox 1140 3681 1319 3733; x_wconf 78' lang='lat' dir='ltr'>consolatorie</span> <span class='ocrx_word' id='word_1_457' title='bbox 1343 3682 1438 3750; x_wconf 73' lang='lat' dir='ltr'>ciyinli</span> <span class='ocrx_word' id='word_1_458' title='bbox 1454 3688 1569 3752; x_wconf 80' lang='lat' dir='ltr'>quotuor</span> <span class='ocrx_word' id='word_1_459' title='bbox 1592 3684 1629 3735; x_wconf 84' lang='grc' dir='ltr'>αελ</span> <span class='ocrx_word' id='word_1_460' title='bbox 1653 3684 1802 3750; x_wconf 77' lang='lat' dir='ltr'>Christum,</span> <span class='ocrx_word' id='word_1_461' title='bbox 1833 3691 1940 3748; x_wconf 76' lang='lat' dir='ltr'>extant</span> 
     </span>
     <span class='ocr_line' id='line_1_37' title="bbox 342 3767 1700 3837; baseline 0.005 -16"><span class='ocrx_word' id='word_1_462' title='bbox 342 3767 447 3822; x_wconf 84' lang='lat' dir='ltr'>ibidem</span> <span class='ocrx_word' id='word_1_463' title='bbox 468 3768 533 3822; x_wconf 91' lang='lat' dir='ltr'>Cod.</span> <span class='ocrx_word' id='word_1_464' title='bbox 554 3768 610 3822; x_wconf 88' lang='lat' dir='ltr'>MS.</span> <span class='ocrx_word' id='word_1_465' title='bbox 632 3768 802 3837; x_wconf 82' lang='lat' dir='ltr'>Theologico</span> <span class='ocrx_word' id='word_1_466' title='bbox 821 3767 928 3823; x_wconf 83' lang='lat' dir='ltr'>Graeco</span> <span class='ocrx_word' id='word_1_467' title='bbox 943 3767 1082 3824; x_wconf 85' lang='lat' dir='ltr'>CCXCIX.</span> <span class='ocrx_word' id='word_1_468' title='bbox 1102 3787 1178 3823; x_wconf 90' lang='lat' dir='ltr'>num.</span> <span class='ocrx_word' id='word_1_469' title='bbox 1190 3790 1211 3823; x_wconf 89' lang='lat'>1.</span> <span class='ocrx_word' id='word_1_470' title='bbox 1231 3774 1264 3823; x_wconf 90' lang='lat' dir='ltr'>ut</span> <span class='ocrx_word' id='word_1_471' title='bbox 1282 3770 1370 3825; x_wconf 87' lang='lat' dir='ltr'>hahet</span> <span class='ocrx_word' id='word_1_472' title='bbox 1388 3770 1553 3825; x_wconf 75' lang='lat' dir='ltr'>lambecius</span> <span class='ocrx_word' id='word_1_473' title='bbox 1571 3771 1656 3827; x_wconf 82' lang='lat' dir='ltr'>Libro</span> <span class='ocrx_word' id='word_1_474' title='bbox 1666 3773 1700 3829; x_wconf 87' lang='lat' dir='ltr'>V.</span> 
     </span>
    </p>
   </div>
   <div class='ocr_carea' id='block_1_5' title="bbox 343 4034 1940 4194">
    <p class='ocr_par' dir='ltr' id='par_1_5' title="bbox 343 4034 1940 4194">
     <span class='ocr_line' id='line_1_38' title="bbox 343 4034 1940 4115; baseline 0.007 -28"><span class='ocrx_word' id='word_1_475' title='bbox 343 4034 420 4087; x_wconf 87' lang='lat' dir='ltr'>Haec</span> <span class='ocrx_word' id='word_1_476' title='bbox 440 4051 489 4087; x_wconf 87' lang='lat' dir='ltr'>nos</span> <span class='ocrx_word' id='word_1_477' title='bbox 508 4052 541 4088; x_wconf 85' lang='lat' dir='ltr'>ex</span> <span class='ocrx_word' id='word_1_478' title='bbox 561 4035 709 4089; x_wconf 76' lang='lat' dir='ltr'>lambecio</span> <span class='ocrx_word' id='word_1_479' title='bbox 728 4035 788 4089; x_wconf 86' lang='lat' dir='ltr'>Lib.</span> <span class='ocrx_word' id='word_1_480' title='bbox 798 4053 821 4102; x_wconf 82' lang='lat'>5.</span> <span class='ocrx_word' id='word_1_481' title='bbox 859 4035 1129 4090; x_wconf 85' lang='lat' dir='ltr'>Commentariorum</span> <span class='ocrx_word' id='word_1_482' title='bbox 1149 4035 1344 4091; x_wconf 78' lang='lat' dir='ltr'>Bibliothecae</span> <span class='ocrx_word' id='word_1_483' title='bbox 1364 4036 1514 4093; x_wconf 85' lang='lat' dir='ltr'>Caesareae</span> <span class='ocrx_word' id='word_1_484' title='bbox 1534 4037 1767 4106; x_wconf 74' lang='lat' dir='ltr'>vindobonensis,</span> <span class='ocrx_word' id='word_1_485' title='bbox 1785 4059 1885 4113; x_wconf 61' lang='grc' dir='ltr'>ηομ.</span> <span class='ocrx_word' id='word_1_486' title='bbox 1897 4066 1940 4115; x_wconf 81' lang='lat'>²9·</span> 
     </span>
     <span class='ocr_line' id='line_1_39' title="bbox 343 4122 967 4194; baseline 0.003 -18"><span class='ocrx_word' id='word_1_487' title='bbox 343 4127 397 4177; x_wconf 79' lang='lat'>266.</span> <span class='ocrx_word' id='word_1_488' title='bbox 408 4142 461 4188; x_wconf 85' lang='lat'>274.</span> <span class='ocrx_word' id='word_1_489' title='bbox 487 4125 516 4177; x_wconf 89' lang='lat' dir='ltr'>et</span> <span class='ocrx_word' id='word_1_490' title='bbox 539 4123 569 4176; x_wconf 88' lang='lat' dir='ltr'>in</span> <span class='ocrx_word' id='word_1_491' title='bbox 588 4122 732 4192; x_wconf 73' lang='lat' dir='ltr'>catalogo,</span> <span class='ocrx_word' id='word_1_492' title='bbox 751 4142 779 4194; x_wconf 90' lang='lat' dir='ltr'>p.</span> <span class='ocrx_word' id='word_1_493' title='bbox 793 4142 847 4191; x_wconf 78' lang='lat'>335.</span> <span class='ocrx_word' id='word_1_494' title='bbox 867 4127 896 4178; x_wconf 88' lang='lat' dir='ltr'>et</span> <span class='ocrx_word' id='word_1_495' title='bbox 914 4129 967 4191; x_wconf 83' lang='lat'>365.</span> 
     </span>
    </p>
   </div>
   <div class='ocr_carea' id='block_1_6' title="bbox 413 4264 1713 4344">
    <p class='ocr_par' dir='ltr' id='par_1_6' title="bbox 413 4264 1713 4344">
     <span class='ocr_line' id='line_1_40' title="bbox 413 4264 1713 4344; baseline 0.006 -24"><span class='ocrx_word' id='word_1_496' title='bbox 413 4270 427 4300; x_wconf 86' lang='lat'><strong><em>*</em></strong></span> <span class='ocrx_word' id='word_1_497' title='bbox 446 4284 519 4334; x_wconf 87' lang='lat' dir='ltr'>quae</span> <span class='ocrx_word' id='word_1_498' title='bbox 539 4269 585 4322; x_wconf 91' lang='lat' dir='ltr'>hic</span> <span class='ocrx_word' id='word_1_499' title='bbox 604 4269 692 4323; x_wconf 88' lang='lat' dir='ltr'>habet</span> <span class='ocrx_word' id='word_1_500' title='bbox 711 4269 837 4324; x_wconf 86' lang='lat' dir='ltr'>Oudinue</span> <span class='ocrx_word' id='word_1_501' title='bbox 855 4287 943 4338; x_wconf 89' lang='lat' dir='ltr'>quum</span> <span class='ocrx_word' id='word_1_502' title='bbox 960 4269 1018 4323; x_wconf 89' lang='lat' dir='ltr'>iam</span> <span class='ocrx_word' id='word_1_503' title='bbox 1036 4269 1173 4324; x_wconf 87' lang='lat' dir='ltr'>ediderim</span> <span class='ocrx_word' id='word_1_504' title='bbox 1192 4287 1248 4326; x_wconf 90' lang='lat' dir='ltr'>non</span> <span class='ocrx_word' id='word_1_505' title='bbox 1268 4270 1360 4326; x_wconf 87' lang='lat' dir='ltr'>visum</span> <span class='ocrx_word' id='word_1_506' title='bbox 1378 4273 1421 4326; x_wconf 84' lang='lat' dir='ltr'>est</span> <span class='ocrx_word' id='word_1_507' title='bbox 1439 4275 1567 4341; x_wconf 87' lang='lat' dir='ltr'>repetere</span> <span class='ocrx_word' id='word_1_508' title='bbox 1586 4264 1713 4344; x_wconf 73' lang='lat' dir='ltr'>Leqerde</span> 
     </span>
    </p>
   </div>
   <div class='ocr_carea' id='block_1_7' title="bbox 0 0 2284 6166">
    <p class='ocr_par' dir='ltr' id='par_1_7' title="bbox 0 0 2284 6166">
     <span class='ocr_line' id='line_1_41' title="bbox 0 0 2284 6166; baseline 0 0"><span class='ocrx_word' id='word_1_509' title='bbox 0 0 2284 6166; x_wconf 95' lang='lat' dir='ltr'> </span> 
     </span>
    </p>
   </div>
  </div>
 </body>
</html>
