4560 6172
511 522 555 588 ον
643 507 679 581 .’

556 691 577 756 ἶ)
599 688 670 753 ἄλλ’
691 691 832 775 έντρόφα
852 714 907 772 μοι
928 696 970 778 τῷ
994 690 1083 776 καλή
1105 690 1210 775 δτόρῳ,
1233 691 1342 773 π’άτερ,

517 779 520 784 ’
602 794 712 878 ήδιστα
734 794 825 859 τόνδε
847 799 908 859 τόν
924 796 1110 878 συνώνυμον
1130 795 1259 875 βλέπων
1892 782 1930 903 {h
1952 777 2102 902 (ζὲηηοτὶυο

600 903 653 961 καί
673 903 742 973 τοίς
764 899 1015 977 συναυγάζοντας
1038 897 1121 982 αὐτῷ
1142 899 1346 982 φωσφόρους.
1821 916 1824 923 ·
1896 866 2102 983 Bssliusfffig

599 1002 669 1083 ἐμοὶ
691 1003 719 1065 δ’
742 1001 798 1066 ἄπ’
822 1003 926 1069 αὐτῶν
946 1005 1059 1088 μικρδν
1080 1004 1204 1080 έξαιτοό
1228 1002 1333 1080 σέλας,
1913 1009 1997 1073 {upra
2025 1010 2084 1047 car·

600 1104 652 1170 ἄεὶ
672 1109 870 1174 κατευθῧνόν
890 1133 929 1190 με
952 1113 1033 1191 πρὸς
1054 1111 1224 1192 σωτηρίαν·
1895 1081 1972 1118 Μ
1992 1082 2060 1128 ¹⁴⁶
2072 1082 2100 1130 ¹⁷

538 1213 579 1278 10
601 1213 706 1277 τοότου
728 1215 789 1294 γάρ
812 1211 905 1278 οὐδὲν
925 1213 1081 1294 βούλομαι
1102 1213 1212 1291 λαβετν
1234 1212 1342 1276 πλέον.

517 1420 584 1487 87.
607 1418 663 1492 Εἰς
684 1421 738 1502 τήν
758 1420 868 1482 είκόνα
889 1422 942 1487 wi
963 1421 1119 1499 βασιλέως
1140 1426 1193 1482 καὶ
1213 1424 1267 1484 τοτ’
1288 1419 1493 1503 πατριάρχου.

561 1523 578 1586 l
604 1520 665 1609 102
686 1527 910 1606 προκριθέντες
931 1529 967 1612 τῇ
989 1527 1075 1615 σοφή
1096 1528 1177 1590 θεοῦ
1198 1527 1296 1607 κρίσει
1428 1571 1440 1593 .
1531 1522 1588 1588 34²

602 1624 751 1710 ἄρχοντος
771 1625 861 1711 ήμῶν
882 1633 936 1690 καί
955 1639 1097 1711 γραφαῖς
1117 1631 1268 1712 τιμητέοι·

604 1727 621 1794 ό
641 1735 701 1812 μέν
722 1732 783 1815 γάρ
806 1732 896 1815 ἄρχει
918 1730 1073 1814 σωμάτων
1094 1731 1324 1816 ἀνθρωπίνων,

603 1838 719 1918 ψυχάν
740 1835 775 1898 δὲ
798 1836 917 1920 ποιμήν
938 1832 1027 1912 οὗτος
1047 1836 1280 1917 ἐκλελεγμένος,

560 1939 581 2004 5
604 1938 737 2002 ἄνωθεν
758 1939 858 2023 ἄμφω
878 1941 912 2004 τδ
934 1951 1061 2025 κρατείν
1081 1939 1254 2025 εἰληφότες.

604 2042 704 2126 ἄμφω
727 2043 832 2117 καλῶς
852 2045 984 2125 ἄρχουσι
1005 2049 1068 2108 τᾶν
1088 2041 1254 2129 ὑπηκόων·

604 2145 686 2209 ὅθεν
706 2151 888 2232 γραφέντες,
910 2152 965 2215 τοῦ
985 2148 1118 2232 κρότους
1137 2151 1207 2223 τοὺς
1229 2148 1348 2222 αἰτίους

605 2254 660 2313 καί
680 2250 858 2333 προστάτας
879 2254 984 2332 ἔχουσι
1005 2255 1308 2335 συγγεγραμμένους.

520 2460 592 2527 88.
614 2458 670 2531 Είς
690 2459 746 2520 τόν
768 2458 933 2543 προφήτην
955 2458 1089 2543 Δανιήλ.

565 2564 580 2626 l
608 2563 709 2645 Θήρες
730 2562 852 2637 λέοντες
873 2560 954 2646 ἦσαν
974 2563 1088 2645 έχθροί
1110 2581 1159 2627 σοι
1180 2564 1296 2639 πάλαι,

606 2663 687 2750 ἄνήρ
711 2669 805 2731 Λέων
827 2667 863 2729 δὲ
885 2671 942 2732 νόν
963 2670 1017 2741 σδς
1038 2667 1160 2752 οίκτρδς
1181 2665 1288 2752 ἱκέτης.

606 2767 649 2844 ὥς
670 2767 726 2835 οὖν
747 2773 822 2853 παρ’
845 2769 949 2835 αὐτῶν
972 2770 1065 2837 οὐδὲν
1086 2770 1178 2845 αι’πδς
1198 2770 1345 2857 ἐβλάβης,

606 2874 696 2953 οὕτω,
718 2877 877 2958 προφήτα,
899 2879 1006 2941 τοῦτον
1028 2876 1062 2939 έκ
1083 2875 1204 2960 βλάβης
1226 2875 1313 2962 ῥόου.

522 3085 593 3154 89.
607 3084 706 3167 Ὑπὲρ
726 3084 840 3150 ἑαυτοῦ
861 3088 941 3168 πρὸς
963 3085 1110 3170 Χριστόν.

566 3189 583 3254 l
607 3187 718 3272 Πολλή
740 3189 832 3271 χάρις
853 3207 903 3254 σοι
923 3194 986 3254 τᾶν
1007 3190 1120 3269 λόγων,
1143 3190 1224 3256 θεοῦ
1248 3193 1343 3267 Λόγε,

608 3290 654 3368 οίς
674 3292 847 3378 εὐδόκησας
867 3295 993 3378 δωρεάν
1013 3319 1052 3376 με
1074 3294 1249 3370 πλουτίσαι,

608 3395 663 3480 ὑφ’
686 3393 732 3461 τόν
755 3398 914 3480 λογισμοίς
935 3399 1097 3481 σώφροσιν
1119 3401 1313 3483 κεχρημένος,

608 3502 704 3578 ἔταξα
726 3502 802 3588 ῥητά
825 3514 893 3578 ταίς
913 3504 1006 3585 ἐμαῖς
1025 3507 1144 3585 χρείαις
1163 3505 1272 3587 μέτρα,

565 3606 587 3673 5
608 3603 718 3688 ἄρκείν
739 3607 843 3687 ἔμοιγε
865 3609 962 3671 ταῦτα
984 3609 1092 3691 κρίνας
1113 3610 1150 3669 τά
1173 3610 1252 3688 τρία,

608 3711 738 3795 τροφήν,
761 3714 880 3797 σκέπην
901 3714 1009 3797 στέγην
1029 3735 1070 3788 τε,
1093 3716 1147 3773 καί
1165 3711 1266 3796 μηδὲν
1287 3708 1396 3785 πλέον,
1902 3698 2108 3824 θὸΤέἪξίίἓῡ

609 3813 651 3877 δι’
673 3815 694 3877 ἄ
717 3815 873 3879 κλονείται
894 3818 984 3879 πᾶσα
1007 3817 1142 3900 σήμερον
1163 3818 1265 3890 κτίσις,
1902 3792 1999 3913 “ga’rde
2014 3787 2107 3896 deaut-

609 3918 738 4002 έπείπερ
759 3921 931 4005 έξήμειηνεν
953 3918 971 4004 ή
993 3925 1113 4005 τρυφής
1133 3922 1189 4000 βία
1914 3914 1978 3969 sobe
1997 3911 2093 3967 schrif-

609 4025 664 4107 τήν
684 4026 794 4107 χρήσιν
815 4023 919 4088 αὐτῶν
939 4025 984 4099 εἰς
1007 4025 1207 4109 παράχρησιν
1228 4022 1341 4087 πάλαι.
1901 3987 1950 4040 ten
1969 3985 1981 4039 I
2000 4004 2043 4039 ²¹¹

547 4129 589 4195 10
609 4132 720 4211 χρῆσιν
741 4128 769 4191 δ’
790 4129 885 4207 ἔγωγε
906 4131 962 4213 τήν
982 4128 1163 4207 ἄναγκαίοιν
1185 4129 1275 4207 ἔχων,

613 4230 878 4321 Ιὺπερπερισσεόω
900 4257 931 4296 τε
953 4237 1006 4295 καὶ
1026 4236 1126 4315 χαίρω
1150 4232 1249 4296 πλέον

609 4342 672 4403 τᾶν
693 4349 756 4412 τοίς
778 4336 950 4420 ἀπλήστοις
971 4335 1266 4402 ἄντεπαντλοόντων
1288 4338 1411 4409 πίθοις.

610 4445 638 4506 τί
658 4447 719 4525 γᾶρ
741 4445 775 4505 τδ
799 4441 910 4524 κέρδος
929 4445 991 4504 τόν
1013 4440 1192 4525 ἄμετρήτων
1214 4439 1322 4503 πότων

611 4559 675 4623 τοῖς
695 4549 740 4622 είς
763 4548 927 4610 ἄπαυστον
948 4545 1046 4630 δίψος
1066 4547 1323 4625 έκκεκαυμένοιςς

549 4655 590 4722 15
612 4654 811 4735 διαρραγεῖεν
832 4654 956 4733 πρῶτον
978 4653 1020 4712 ἄν
1041 4654 1077 4738 τή
1099 4648 1270 4732 πλημμόρᾳ

612 4761 633 4842 ἢ
652 4761 705 4824 τοῦ
726 4757 858 4830 πάθους
879 4757 960 4835 ἴαμα
982 4752 1215 4835 προσλάβοιντό
1236 4775 1284 4815 τι·

612 4863 682 4926 ἐπεὶ
703 4861 738 4924 δὲ
759 4863 846 4927 τοῦτο
869 4859 1018 4941 συμφορά
1041 4862 1222 4940 μισουμένη,
