4560 6172
1733 535 1774 600 57

194 721 317 799 γαθίας
337 719 370 781 τδ
394 717 493 780 πλέον
515 719 535 798 η“
556 715 741 788 δυναστείας
765 713 1013 796 θαυμάζεσθαι·
1045 714 1118 776 8καί
1138 718 1227 779 τούτο
1255 712 1338 792 τάχα
1361 711 1541 795 σοφώτερον
1561 712 1583 792 ἢ
1603 710 1681 772 κατά
1704 707 1777 782 τούς

195 822 332 896 πολλοὺς
353 822 537 886 ἐννοοῦντα·
573 817 737 895 ἀγαπᾶται
765 820 852 899 γὰρ*
873 817 1001 898 μᾶλλον
1022 817 1055 881 τδ
1079 821 1198 881 πεῖθον
1219 815 1297 897 ύπὲρ
1320 816 1354 879 τὸ
1376 815 1581 897 βιαζόμενον,
1605 820 1658 878 καὶ
1679 813 1771 897 ἀρετή

195 925 304 1010 πολλῶ
328 925 427 987 πλέον
449 926 595 999 ἐξουσίας
616 923 871 1003 αἰδεσιμῶτερον.

280 1031 375 1096 110.
407 1052 452 1091 ια.
488 1029 584 1103 ιΝαί,
609 1032 689 1093 θεού
707 1027 884 1106 ἄνθρωπε,
917 1029 1006 1106 ἴσμεν
1035 1026 1122 1099 ὅπως
1149 1024 1180 1088 οἳ
1208 1024 1302 1104 νόμοι
1323 1033 1386 1096 τοῖς
1407 1024 1485 1084 καθ’
1506 1022 1589 1102 ύμᾶς
1612 1023 1774 1087 κλεπτοτε-

195 1131 357 1214 λωνήμασι
387 1136 440 1193 καὶ
470 1141 538 1204 ταῖς
567 1135 638 1214 περὶ
667 1128 743 1192 αύτά
767 1132 970 1210 κακουργίαις
991 1128 1201 1211 ἀπαραίτητοι
1222 1129 1384 1210 κάθηνται
1405 1131 1459 1188 καὶ
1480 1130 1588 1207 βαρεῖς
1609 1128 1770 1205 κολασταί,

195 1235 268 1298 ἀλλ’
289 1236 419 1298 ἐκείνων
440 1232 536 1308 αύθις
557 1239 610 1296 καῖ
630 1236 734 1318 τούτο,
753 1233 788 1296 τδ
810 1245 878 1306 ταῖς
901 1232 1077 1315 ἀγροικίαις
1097 1233 1196 1296 ένίοτε
1216 1236 1279 1295 τῶν
1301 1231 1563 1314 πλημμελούντων
1586 1235 1774 1312 συντρέχειν,

194 1344 248 1400 καὶ
268 1348 336 1412 ταῖς
356 1339 512 1410 τοιαύταις
534 1336 679 1412 ἀγνοίαις
706 1337 927 1414 συγγινώσκειν
955 1335 998 1411 ῶς
1019 1338 1057 1400 τά
1080 1337 1206 1411 πολλά,
1240 1335 1403 1419 διαφοράς
1434 1359 1465 1398 τε
1496 1337 1679 1416 προσιόντων
1700 1337 1772 1400 έπι-

194 1452 322 1505 σκοπεῖν
344 1447 397 1503 καὶ
420 1444 604 1525 ποιότητας,
640 1446 693 1504 καί
722 1445 766 1514 τίς
786 1446 846 1523 μὲν
868 1442 930 1505 ἐστὶ
953 1441 1052 1505 δόλον
1075 1447 1127 1503 καὶ
1157 1442 1354 1522 πανουργίας
1377 1438 1532 1512 δεκτικός,
1557 1438 1561 1524 ή
1584 1442 1629 1512 τίς
1714 1442 1771 1506 52²

194 1545 231 1607 δέ
246 1550 389 1629 τοιαύτην
402 1545 508 1607 αἰτίαν
523 1545 689 1619 ἀπίθανος
703 1543 947 1622 ἀναδέξασθαι,
969 1547 1024 1608 ἐπὶ
1047 1553 1125 1610 πᾶσι
1149 1546 1184 1607 δὲ
1205 1548 1238 1610 τὸ
1261 1543 1451 1626 φιλάγαθον
1472 1547 1526 1603 καί
1545 1544 1579 1605 τδ
1601 1543 1773 1609 ἐπικλίνειν

194 1647 245 1710 ἀεὶ
275 1651 331 1731 τήν
361 1647 466 1729 όρθήν
495 1655 548 1710 καὶ
578 1648 811 1730 ἀπαρέγκλιτον
840 1646 1018 1727 πλάστιγγα
1047 1653 1100 1732 τής
1129 1649 1216 1732 δίκης
1245 1655 1287 1732 τῷ
1315 1646 1533 1712 κινδυνεύοντι.
1578 1648 1656 1711 ἵδιά
1677 1655 1771 1715 ταῦτα

195 1751 340 1832 δεόμεθα
367 1753 503 1831 μάλιστα
532 1755 593 1833 μὲν
620 1756 657 1839 τῇ
689 1758 741 1835 τής
772 1753 992 1835 ἀκριβεστέρας
1018 1757 1147 1834 κρίσεως
1175 1751 1304 1838 στάθμη
1334 1755 1388 1812 καὶ
1418 1753 1471 1815 νύν
1490 1748 1713 1836 ύποβληθήναι
1734 1757 1770 1818 τό

195 1860 339 1938 πρᾶγμα,
361 1856 481 1939 μήποτε
501 1859 642 1937 ματαίως
664 1856 891 1935 ἀποδειχθεῖεν
913 1854 944 1919 οἳ
965 1858 1141 1940 ἅνθρωποι
1164 1861 1216 1918 καὶ
1239 1858 1318 1936 πρὸς
1332 1852 1486 1936 ἐπήρειαν
1500 1855 1626 1936 μᾶλλον
1649 1860 1668 1939 ή
1689 1861 1771 1922 κατά

195 1983 265 2025 τινα
287 1963 406 2043 τρόπον
426 1960 647 2039 ἐγκαλούμενοι
670 1960 810 2022 δίκαιον·
832 1961 862 2022 εί
875 1961 904 2022 δ’
919 1957 984 2036 οὖν,
1007 1961 1093 2023 ἀλλά
1112 1963 1173 2023 κάν
1187 1958 1300 2042 άλῷεν,
1324 1957 1633 2042 φιλανθρωπότερον
1645 1963 1771 2043 μᾶλλον

196 2064 431 2150 ήδικαιότερον
453 2063 492 2126 δι’
516 2064 628 2146 ούσπερ
650 2064 773 2145 ἔφαμεν
795 2065 908 2139 λόγους
937 2066 1190 2149 οίκονομηθήναι
1212 2066 1250 2127 τά
1273 2066 1338 2126 κατ’
1361 2062 1482 2137 αύτούς,
1512 2062 1605 2138 οὕτως
1627 2064 1670 2139 ῶς
1692 2066 1771 2149 δρᾷς

197 2170 324 2249 ἔχοντας
346 2168 474 2241 ἀκάκως
495 2172 549 2228 καὶ
571 2166 752 2250 ἀπονήρως.
799 2167 851 2230 ξ’τό
874 2170 935 2249 γάρ
958 2172 1048 2245 γένος
1070 2173 1225 2244 τοιοῦτον,
1258 2167 1290 2229 οἳ
1312 2166 1460 2230 ἀπλοΐκοὶ
1485 2168 1699 2250 Παφλαγόνες
1707 2223 1715 2256 ,
1738 2181 1773 2239 οἳ

196 2273 249 2338 ούιτ
270 2276 414 2350 ἔγνωσαν
444 2274 534 2355 (καθ’
557 2271 640 2352 ἀπερ
663 2271 797 2355 ἀκούεις)
821 2272 930 2346 δεξιὰν
952 2276 972 2354 ἢ
993 2273 1172 2351 ἀριστεράν·
1205 2277 1350 2337 τοσοῦτον
1380 2269 1541 2350 ἀπέχομεν
1574 2281 1772 2356 πανουργίας

196 2383 250 2440 καὶ
271 2377 386 2461 δόλου,
419 2376 528 2457 ἐπειδή
560 2386 624 2448 τοῖς
650 2373 821 2454 ὁμοεθνέσι
853 2376 1080 2452 συγκινδυνεύει
1102 2381 1156 2438 καὶ
1175 2375 1208 2439 τό
1231 2375 1387 2459 ἡμέτερον.
1430 2377 1492 2439 4ίν’
1516 2373 1571 2440 υύν
1594 2379 1713 2442 συνέλω
1735 2383 1769 2445 τό

196 2487 279 2544 πᾶν·
302 2483 331 2544 ελ
350 2485 410 2560 μὲν
432 2487 564 2560 φανεῖεν
587 2480 792 2541 παντάπασιν
810 2480 912 2553 αἰτίας
924 2480 1094 2561 ἐλεύθεροι,
1118 2462 1210 2560 ἄφες,
1233 2475 1258 2541 ῶ
1278 2479 1379 2541 δίκαιε
1397 2480 1555 2560 προστάτα
1574 2484 1636 2543 τῶν
1652 2483 1769 2563 νόμων,

194 2589 238 2669 τῷ
259 2609 290 2647 τε
312 2586 401 2668 νόμῳ
425 2590 478 2644 καὶ
499 2594 562 2654 τοῖς
584 2583 733 2655 δικαίοις
756 2584 785 2645 εί
806 2584 841 2645 δέ
863 2588 919 2666 μή,
944 2589 1013 2667 θεῷ
1034 2588 1076 2667 τῶ
1099 2584 1279 2661 οίκτίρμονι,
1303 2583 1346 2656 ῶς
1368 2588 1421 2644 καὶ
1437 2581 1526 2656 αύτδς
1541 2587 1587 2646 ῶν
1603 2586 1771 2668 οίκτίρμων

196 2695 250 2751 καὶ
271 2690 328 2771 τήν
351 2694 404 2752 τού
423 2691 502 2751 θεού
519 2691 688 2766 μιμεῖσθαι
704 2687 958 2768 φιλανθρωπίαν
974 2689 978 2774 fl
996 2686 1039 2760 ῶς
1060 2687 1214 2770 πατρικήν
1232 2685 1450 2766 κελευόμενος·
1464 2685 1547 2749 όκνῶ
1564 2696 1626 2772 γὰρ
1713 2695 1770 2760 53¹

194 2792 297 2853 εἰπεῖν
320 2790 366 2853 ὅτι
388 2795 441 2852 καὶ
463 2789 538 2872 ἡμῖν
559 2787 602 2861 ῶς
624 2788 835 2872 φιλάδελφος.
880 2792 954 2853 ὓδιά
968 2792 1075 2854 πάντα
1091 2791 1119 2852 δ’
1134 2789 1187 2856 ούν
1204 2790 1298 2875 ὅμως,
1319 2792 1348 2852 εί
1361 2801 1528 2870 συγχωρεῖς
1542 2798 1596 2853 καὶ
1611 2797 1643 2856 εδ
1660 2800 1770 2883 τρίτον,

196 2895 352 2980 ἀφεθήτω
375 2895 501 2967 πάντως
526 2895 560 2955 τό
592 2899 673 2966 πᾶν,
712 2897 732 2976 ἢ
758 2900 791 2956 τό
828 2895 926 2957 πλέον
947 2897 973 2970 γ’
997 2893 1068 2969 ούν,
1101 2905 1165 2968 τοῖς
1187 2893 1333 2970 ἀθλίοις,
1364 2899 1419 2956 ίνα
1441 2898 1494 2955 καὶ
1515 2899 1552 2984 ιη’
1574 2901 1611 2985 σή
1634 2895 1770 2981 εύγενείᾳ

196 3003 353 3080 καθαρῶς
377 2998 516 3081 ἀφεθείη
537 3003 630 3078 χωρὶς
653 2996 875 3078 ἀκριβολογίας
896 3004 949 3060 καὶ
971 3000 1110 3081 τοιαύτης
1131 2998 1276 3080 σφοδράς
1297 3004 1350 3060 καὶ
1373 2996 1529 3082 αύστηρᾶς
1550 2998 1726 3077 ἐξετάσεως.

283 3106 373 3170 111.
401 3105 443 3181 ιβ.
479 3103 559 3180 Ἔχει
580 3100 687 3183 φάναι
708 3101 809 3182 βραχύ
828 3126 855 3165 τι
878 3104 957 3186 πρὸς
978 3106 1033 3184 τήν
1054 3105 1112 3185 ση“ν
1133 3100 1333 3186 ἀδελφότητα
1357 3103 1373 3168 ύ
1394 3106 1447 3186 τῆς
1469 3101 1619 3184 ἡμετέρας
1641 3112 1770 3188 χρονίου

196 3206 394 3287 προσλαλιάς
415 3200 579 3287 ύπηρέτης·
608 3207 701 3289 τούτῳ
731 3210 836 3268 τοίνυν
858 3204 908 3278 οίις
929 3206 1083 3289 ύπυσχῶν,
1106 3211 1159 3268 καὶ
1180 3205 1357 3286 παρασχῶν
1387 3206 1405 3268 δ
1428 3205 1523 3290 ζητεῖ,
1557 3206 1633 3290 ήμῖν
1654 3234 1685 3273 τε
1707 3224 1770 3286 τοῖς

196 3320 262 3383 σοῖς
286 3311 431 3383 ἐπιεικῶς
451 3314 546 3397 χαριῇ
568 3315 621 3370 καί
643 3312 705 3391 πρὸ
729 3309 817 3392 ήμῶν
838 3316 880 3396 τῷ
896 3317 975 3395 θεῷ,
998 3312 1034 3384 ός
1045 3311 1143 3386 ἀξίως
1156 3313 1294 3394 παρέσχε
1307 3330 1357 3372 σοι
1371 3313 1429 3376 νύν
1443 3334 1474 3374 τε
1489 3310 1656 3375 δύνασθαι
1676 3319 1769 3396 μέγα,

197 3418 250 3476 καί
271 3418 304 3476 τὸ
327 3413 420 3493 μείζω
442 3413 639 3495 δυνήσεσθαι
662 3417 742 3495 πρὸς
763 3418 796 3477 τδ
817 3414 936 3496 μέλλον
957 3419 1129 3496 παράσχοι.

285 3521 373 3586 112.
395 3541 435 3595 ιγ.
461 3516 618 3599 Εὐεργετεῖ
631 3524 684 3580 καὶ
698 3518 828 3592 θεός-
850 3524 903 3580 καὶ
914 3522 957 3592 τίς
969 3520 1030 3599 γάρ
1042 3519 1094 3594 ἀν,
1117 3518 1145 3579 εί
1159 3519 1203 3601 μή
1225 3512 1326 3596 οἷτοςς
1342 3555 1376 3566 -
1402 3514 1488 3581 ἀλλά
1510 3523 1548 3582 τά
1571 3521 1676 3584 πολλοὶ
1699 3528 1768 3603 μέν,

195 3621 352 3700 ταχύνων,
375 3621 473 3683 ἐνίοτε
495 3621 548 3696 δέ,
576 3622 631 3704 τήν
654 3623 760 3705 ψυχήν
783 3628 885 3703 αίρων
906 3620 1076 3706 πρότερον·
1105 3624 1143 3686 σύ
1160 3621 1191 3684 δ’
1212 3622 1265 3704 έφ’
1288 3620 1402 3684 ίκανδν
1422 3626 1599 3702 βασανίσας
1619 3629 1674 3708 τήν
1696 3623 1770 3709 ήμε-

195 3728 306 3809 τέραν,
337 3722 353 3786 δ
384 3727 464 3788 θεὸν
486 3726 707 3806 πιστευόμενος
729 3725 838 3810 ζηλοῦν
859 3725 905 3801 οίς
925 3737 1043 3802 ποιεῖς,
1075 3730 1129 3788 καὶ
1151 3726 1264 3805 σχεδὸν
1285 3723 1378 3810 αύτην
1400 3726 1482 3806 ἀρας
1503 3737 1571 3801 ταῖς
1593 3726 1771 3808 ἀναβολαῖς

194 3831 246 3908 τῆς
267 3830 475 3912 χρηστότητος,
498 3827 554 3903 δός
567 3830 642 3911 ήμῖν
655 3830 725 3912 ήδη,
747 3831 830 3914 κύριέ
850 3854 912 3913 μου
933 3831 1133 3912 μακρόθυμε,
1157 3828 1213 3902 δός
1233 3829 1288 3911 τήν
1310 3829 1405 3910 χάριν
1427 3832 1513 3906 ποτέ,
1536 3833 1671 3913 πρῖνείς
1684 3834 1771 3910 τέλος

195 3931 383 4011 έκλίπιιμεν,
404 3933 472 3995 ἐπεὶ
494 3934 527 3994 τδ
552 3938 701 4015 ψυχῶσαι
722 3935 822 3998 πάλιν
844 3934 1008 4007 θανόντας
1031 3938 1110 3999 θεοῦ
1127 3934 1231 4014 μόνου
1252 3931 1388 4009 πάντως,
1411 3935 1477 4014 ούχὶ
1500 3940 1553 3995 καὶ
1575 3933 1645 4000 σόν.

282 4037 392 4122 1113.
424 4037 465 4098 ιδ.
503 4037 620 4099 1Μίαν
649 4036 811 4126 ήτησάμην
842 4044 931 4122 παρὰ
961 4043 1017 4103 σού
1050 4041 1104 4102 τού
1132 4040 1241 4119 κυρίου
1268 4059 1339 4116 μου.
1366 4037 1478 4120 ταύτην
1500 4039 1627 4113 πάντως
1712 4043 1770 4108 53²

197 4139 323 4222 ζητήσω,
347 4144 400 4201 καὶ
414 4137 451 4206 ού
473 4144 547 4220 πρὶν
562 4138 671 4224 ἀνήσω
686 4143 902 4222 παρενοχλῶν,
926 4144 1017 4224 ἀχρις
1039 4144 1081 4204 ἀν
1104 4146 1157 4203 καὶ
1178 4140 1284 4205 ἀνύσω
1306 4164 1351 4217 τι,
1375 4146 1456 4207 θεοῦ
1477 4148 1769 4226 συνεφαπτομένου.

197 4242 227 4324 2ἢ
244 4242 280 4305 δὲ
296 4244 332 4325 σή
349 4246 541 4327 περιφάνεια
555 4250 618 4308 τῶν
634 4246 690 4310 δύο
706 4247 846 4328 θάτερον
858 4247 989 4310 τούτων·
1013 4247 1208 4330 ήσπευσότω
1221 4245 1277 4328 τήν
1289 4244 1390 4322 δόσιν,
1411 4248 1468 4320 τάς
1485 4253 1665 4330 προφάσεις
1677 4248 1771 4314 ἀπω-

196 4351 326 4430 σαμένη,
350 4352 403 4408 καὶ
424 4355 476 4430 τῆς
496 4349 677 4428 ἐπαχθείας
700 4354 822 4412 θᾶττον
841 4349 1067 4433 ἀπαλλαγήτω,
1090 4352 1111 4433 ή
1132 4354 1211 4429 πρὸς
1232 4352 1287 4431 τήν
1308 4345 1400 4431 αὐτῆς
1421 4347 1541 4431 ἀηδίαν
1562 4351 1693 4432 εύγενῶς
1714 4380 1770 4437 με-

194 4449 424 4532 γαλοψυχείτω.
449 4451 549 4533 3πρός
580 4453 616 4516 δέ
644 4456 761 4527 τούτοις
791 4456 811 4536 ή
842 4456 920 4515 καὶ*
948 4456 1008 4535 πρὸ
1037 4455 1150 4520 τούτων
1177 4453 1291 4536 δοθείη
1320 4457 1373 4514 καὶ
1401 4455 1495 4543 ταύτη
1518 4459 1608 4538 παρά
1634 4461 1714 4523 θεοῦ
1731 4461 1768 4524 τά

196 4555 361 4637 αἰτήματα.
384 4556 468 4637 πλήν
488 4559 531 4640 μή
554 4557 629 4621 ούτω
650 4558 812 4638 βραδέως,
846 4564 901 4621 ίυα
922 4562 964 4642 μή
990 4557 1008 4644 ή
1032 4563 1132 4633 πίστις
1153 4559 1265 4647 έκλίπη
1289 4558 1343 4621 διά
1366 4559 1400 4621 τό
1422 4563 1475 4643 τής
1495 4557 1704 4645 ἀνθρωπίνης
1727 4562 1769 4624 ἀ-

195 4663 343 4732 σθενείας
365 4658 527 4742 ὀλίγωρον.

282 4765 372 4830 llll.
394 4784 432 4829 ιε.
465 4764 620 4846 1Βαρύνω
641 4769 700 4847 μὲν
721 4767 797 4840 ἴσως
804 4814 814 4842 ,
843 4765 927 4829 ἀλλά
951 4771 1004 4829 καί
1026 4765 1142 4851 ῶφελῶ
1170 4790 1197 4830 τι
1222 4761 1337 4849 βραχύ·
1367 4772 1422 4829 ίνα
1445 4772 1498 4828 καὶ
1518 4771 1620 4850 βραχύ
1640 4794 1668 4834 τι
1691 4794 1765 4835 γαρ.

264 4886 1273 4961 3yrwquml1Timotha6,1114Ionas4,11{1RegnymM
1294 4889 1772 4956 ἢκαίο’,κιτῆ0“’λδίαδοαιυαό

1443 5004 1462 5066 8
