4560 6172
241 759 285 823 30
306 757 344 820 ἔα
369 756 404 818 δὲ
426 755 517 818 τάνδε
539 760 593 818 τὸν
615 759 740 840 κατηφῆ
762 758 949 842 πρεσβύτην·

305 861 414 923 δάκνει
436 861 497 943 γάρ
521 858 617 924 αύτδν
638 858 720 923 ἄλλο
741 884 769 922 τι
792 866 931 943 κρυπτὸν
952 860 1074 938 πάθος.

301 967 363 1039 έξει
386 964 422 1026 δὲ
443 967 551 1028 τούτου
573 965 687 1047 μικρὸν
708 961 858 1037 ὑπνώσας
880 966 978 1043 λύσιν,

301 1072 355 1129 καί
377 1065 576 1151 συγκροτήσει
599 1072 698 1130 πᾶσιν
721 1065 796 1151 ὑμίν
820 1068 930 1151 ἡδέως.

214 1280 253 1345 8.
302 1277 359 1350 Είς
380 1278 435 1360 τη“ν
456 1277 614 1356 βάπτισιν.

258 1378 390 1463 1Ἀνη“ρ
415 1379 558 1463 κομήτης,
583 1377 707 1458 αύχμδν
729 1380 842 1461 ἅργιον
862 1382 998 1463 τρέφων,

300 1489 404 1565 τρίχας
428 1484 572 1567 καμήλου
594 1489 647 1544 καί
670 1484 769 1566 δοράς
792 1483 891 1566 ζώνην
914 1488 1031 1566 φέρων,

299 1591 448 1669 ἄσαρκος,
470 1589 651 1672 ἡμίγυμνος,
674 1588 810 1665 ἀγγέλου
833 1589 939 1662 τύπος,

301 1693 366 1772 ἥκει
389 1690 553 1776 προφήτης
575 1694 686 1765 καινὺς
708 1691 742 1767 ἐξ
765 1694 909 1776 ε’ρημίας·

258 1798 278 1863 5
299 1801 425 1877 πρῶτον
448 1797 477 1859 δ’
499 1796 612 1860 ἑαυτοῦ
635 1798 771 1874 Χριστὸν
793 1797 875 1858 εἶναι
897 1796 1035 1879 μηνύων,

301 1901 458 1964 δείκνυσιν
481 1899 577 1963 αὑτὸν
600 1906 678 1962 πᾶσι
701 1912 763 1974 τοῖς
788 1900 1023 1983 ἠθροισμένοις,

301 2009 386 2084 νέμει
410 2005 445 2067 δὲ
467 2011 520 2066 καί
542 2005 705 2084 βάπτισμα
728 2016 793 2077 τοῖς
814 2008 1015 2084 μυουμένοις.

299 2109 395 2192 τούτῳ
420 2109 610 2191 προσελθών
632 2110 775 2191 Χριστός,
800 2105 842 2181 ῶς
865 2110 1067 2187 ἐγνωσμένος,

299 2215 380 2276 αίτεϊ
401 2212 511 2291 λαβεῖν
533 2211 707 2292 βάπτισμα,
730 2222 793 2283 τοῖς
816 2211 929 2286 ἄλλοις
950 2216 1016 2274 ίσα.

238 2320 279 2382 10
300 2316 317 2378 ὁ
341 2317 371 2378 δ’
392 2315 425 2380 εὑ
446 2316 608 2392 γινώσκων
630 2315 713 2389 ὅστις
735 2313 824 2388 οὗτος
847 2321 899 2377 καί
927 2317 1042 2392 πάθεν,

298 2431 413 2503 πείραν
436 2425 468 2482 τὸ
491 2419 635 2501 πρᾶγμα,
658 2431 773 2501 πεῖραν
795 2421 914 2503 η’γείται
936 2423 1052 2501 μόνον,

297 2523 378 2586 ὅθεν
401 2529 557 2604 κραταιῶς
579 2523 740 2584 ἀντιτείνει
763 2532 804 2608 τῷ
828 2523 925 2607 λόγῳ.

298 2626 382 2710 πλην
404 2625 474 2688 ἀλλ’
497 2624 615 2690 ὑπείκει
638 2626 791 2689 δεσπότου
814 2631 994 2707 προθυμίᾳ,

297 2734 400 2812 τρέμει
424 2730 453 2790 δ’
476 2728 563 2808 ὅμως
583 2735 638 2811 την
659 2740 763 2810 χείρω,
787 2734 842 2791 καὶ
865 2732 962 2815 ψαύει
984 2729 1088 2811 μόλις,

239 2837 278 2901 15
303 2835 390 2920 λάνω
415 2837 559 2912 θεωρῶν,
583 2831 625 2905 ῶς
648 2834 769 2909 ίλιγγον
790 2833 940 2918 ἐκφύγοι·

296 2939 422 3020 μᾶλλον
445 2938 480 2999 δὲ
503 2937 595 2999 κάκεῒ
615 2944 747 3019 φρικτὸν
769 2937 850 3000 ἄλλο
875 2962 902 3000 τι
924 2937 1045 3018 βλέπει.

297 3045 462 3125 περιστερά
486 3043 624 3104 κάτεισιν
645 3042 690 3115 είς
709 3046 768 3125 γῆν
789 3039 931 3126 ὑψόθεν,

298 3147 336 3229 ἣν
357 3147 486 3229 οὐρανοὶ
509 3149 687 3225 πέμπουσιν
708 3146 743 3207 έκ
764 3149 824 3209 τῶν
847 3146 1043 3225 σχισμάιων·

300 3259 391 3335 φωνη
415 3251 443 3313 δ’
465 3251 592 3312 έκείθεν
614 3253 748 3333 πατρικη
771 3255 890 3332 βροντᾷ
912 3254 1005 3330 μέγα,

234 3358 276 3421 20
297 3354 369 3418 υίὺν
391 3355 534 3418 καλοῦσα
556 3359 693 3436 Χριστὸν
715 3354 929 3439 η’γαπημένον.

298 3464 352 3521 καὶ
373 3468 525 3541 μαρτυρεί
545 3461 578 3521 τδ
602 3462 736 3537 πνεῦμα,
759 3463 854 3545 τούτῳ
877 3462 1067 3543 προστρέχον

298 3564 340 3626 δι’
365 3564 403 3625 ὑν
424 3563 594 3646 κατηλθεν,
619 3560 645 3649 ᾦ
668 3570 788 3643 σεμνῶς
809 3564 963 3648 ἐφιζάνει.

295 3672 401 3754 πτηνῷ
424 3668 453 3730 δ’
476 3670 577 3731 εὀικεν
598 3667 770 3753 δξυκινητηι
798 3671 904 3751 φύσει·

298 3778 480 3854 περιστερᾶς
502 3774 563 3855 γάρ
584 3772 679 3847 είδος,
702 3772 744 3845 ῶς
766 3772 993 3851 ἁπλουστέρας.

233 3878 274 3941 25
297 3881 399 3949 συνείς
421 3876 456 3938 δὲ
479 3881 575 3940 ταῦτα
598 3882 651 3938 καί
674 3880 815 3955 ποταμὸς
838 3877 940 3960 η’ρέμα

295 3978 366 4059 ίστᾷ
388 3983 421 4043 τδ
446 3979 580 4063 ῥεῖθρον
601 3984 654 4044 τοῦ
676 3980 797 4061 δρόμου
819 3989 872 4042 καί
895 3983 1074 4061 προσμένει,

294 4085 372 4149 οὑτω
395 4108 430 4164 γε
451 4090 549 4164 τιμῶν
570 4086 626 4167 την
649 4089 728 4146 θεοῦ
749 4088 939 4164 παρουσίαν,

295 4193 426 4271 κοίτην
448 4189 549 4271 καλην
571 4191 735 4269 κάθαρσιν
758 4187 1014 4268 άντιλαμβάνων,

294 4292 336 4366 ῶς
360 4301 482 4374 πρῶτος
504 4290 596 4365 αὑτὸς
618 4295 672 4375 την
693 4297 785 4373 χάριν
808 4292 994 4372 δεδεγμένος

230 4399 273 4464 30
295 4397 375 4480 άρχη
398 4402 524 4480 γένηται
545 4397 625 4480 τῶδε
648 4401 690 4480 τῷ
712 4400 878 4482 μυστηρίῳ.

292 4505 379 4566 τοῦτο
402 4506 523 4582 βροτῶν
546 4505 625 4582 φῶς,
649 4507 736 4564 τοῦτο
759 4501 888 4583 δευτέρα
911 4501 1045 4575 πλάσις·

296 4609 436 4686 χάρισμα
460 4611 514 4666 καί
536 4605 721 4687 σφράγισμα
744 4611 797 4666 καί
821 4608 974 4688 σωτηρία·

297 4715 383 4774 τοῦτο
407 4711 567 4787 κροτοῦσιν
589 4708 728 4785 ἄγγελοι,
752 4720 815 4783 τοῖς
836 4713 955 4794 γηίνοις

298 4815 408 4898 η’διστα
431 4816 649 4896 συγχαίροντες
671 4813 714 4886 ῶς
736 4818 932 4895 θεουμένοις.

228 4920 271 4984 35
298 4918 518 5000 α’πευχαρισιῶ
540 4917 645 4980 πολλὰ
667 4923 709 5004 τῷ
734 4918 929 5005 λελουμένιμ·

1260 2835 1298 2902 31

1794 595 1814 660 3

1607 801 1637 848 30
1655 781 1815 835 Matthaeus

1607 872 1629 917 1,
1647 871 1676 919 19
1695 869 1739 904 20:
1767 869 1814 907 τε·

1608 942 1668 976 rum
1675 925 1735 978 Iesu
1746 926 1813 978 nato

1607 997 1739 1064 Iosephus
1778 995 1812 1049 de

1607 1067 1712 1120 Mariae
1732 1067 1813 1135 pudi-

1606 1136 1674 1191 citia
1696 1138 1752 1190 iam
1772 1155 1813 1192 τε·

1607 1226 1689 1262 curus
1708 1212 1769 1263 erat

1606 1420 1617 1453 1
1653 1400 1813 1456 Matthaeus

1607 1491 1630 1538 3,
1647 1490 1663 1535 4
1682 1477 1686 1535 Ι
1707 1477 1720 1523 8
1740 1472 1812 1527 Μαί·

1605 1545 1705 1596 thaeus
1732 1563 1755 1610 3,
1783 1565 1810 1612 13

1605 1633 1670 1680 ,Π

1598 4531 1625 4578 3τ
1648 4513 1729 4567 Titus
1748 4535 1772 4582 3,
1790 4535 1803 4582 ς

1599 4585 1734 4639 Iohannes
1754 4607 1776 4654 3,
1791 4606 1803 4653 5
