4560 6172
351 562 440 630 1⁸5
1143 629 1145 634 ,
1885 553 1946 617 169

354 733 508 813 φέρουσα.
531 727 643 806 μικρός
665 728 724 802 μὲν
746 728 800 786 ιιαλ
821 727 919 801 μέγας
934 725 1001 787 έκεῖ
1013 724 1086 799 έστί,
1110 728 1164 786 καλ
1177 725 1326 802 καθαρός
1341 722 1534 809 ἀκαθάρτῳ,
1556 731 1610 786 καὶ
1626 724 1715 801 όγνῶ
1731 727 1943 786 συνεισπίπτει

352 838 406 895 ιιαλ
429 828 665 915 συνεισέρΙχεται
687 828 836 904 ἀναγνος,
853 824 929 891 ούδέ
942 850 986 900 τις
1001 826 1159 906 διάκρισις
1174 829 1290 888 οἰκείου
1313 834 1365 886 καὶ
1382 827 1578 910 ἀλλοφύλου,
1602 825 1678 890 οῦδὲ
1699 831 1798 904 μέσον
1864 824 1944 892 236²

352 934 446 1014 δγίου
469 939 522 995 καὶ
543 930 681 1014 βεβήλου
704 930 862 1012 διαστολή,
888 927 973 991 ἀλλά
1006 931 1054 1014 (τό
1079 930 1302 1010 θρυλούμενον
1323 934 1410 994 τοῦτο
1433 934 1522 1011 παρό
1544 940 1609 1005 τοῖς
1631 928 1735 992 πάλαι
1757 931 1884 1014 σοφοῖς)
1906 929 1942 990 έν

351 1037 452 1119 τούτῶ
476 1037 581 1098 πάντα
603 1033 760 1116 χρήματα,
783 1039 837 1095 καὶ
859 1030 955 1095 τοῦτοί
977 1036 1038 1113 μὲν
1060 1034 1134 1112 ἀχρι
1156 1039 1208 1116 τής
1231 1037 1359 1116 φρικτὴς
1382 1058 1413 1097 τε
1436 1034 1590 1116 τραπέζης
1612 1037 1665 1093 καλ
1686 1036 1738 1114 τὴς
1761 1030 1940 1114 πολυζήλου

352 1141 528 1221 καθέδρας.
558 1140 595 1201 τα·
627 1137 656 1199 δ’
679 1136 830 1198 ἐντεῦθεν
859 1133 877 1197 ό
909 1135 1001 1213 λόγος
1038 1134 1128 1198 δκνεῖ
1156 1136 1457 1215 πολυπραγμονεῖν,
1495 1137 1586 1199 αλδοῖ
1612 1159 1642 1199 τε
1671 1141 1725 1197 καῖ
1755 1135 1848 1217 φόβῳ
1879 1140 1942 1198 τῶν

353 1243 535 1327 ἀψαύστων
563 1245 617 1303 καλ
646 1238 798 1301 ἀθεάτων
820 1239 950 1312 ἐκείνοις
971 1239 1177 1321 προσβλέψαι
1199 1239 1254 1320 τήν
1276 1238 1377 1321 ἀρχὴν
1397 1239 1628 1320 εὐλαβούμενος
1650 1239 1672 1299 ἀ
1695 1239 1792 1312 πόδες
1814 1239 1941 1302 ἀνιπτοι

353 1353 523 1418 πατοῦντες
545 1344 585 1408 οῦ
606 1345 789 1425 τρέμουσιν·
819 1340 856 1406 ού
876 1345 984 1422 μέντοι
1004 1347 1038 1406 τό
1061 1347 1114 1407 τοῦ
1135 1341 1297 1422 δράματος
1320 1349 1388 1404 πᾶν
1410 1343 1638 1420 συγκαλύπτειν
1660 1340 1777 1420 ἔχειτὰ
1799 1344 1940 1404 καταπέ-

350 1470 464 1529 τασμα.
500 1450 684 1528 ἰσχυροτέρα
719 1446 780 1525 γάρ
811 1450 866 1508 τοῦ
888 1446 1006 1507 λαθεῖν
1036 1444 1053 1528 ἡ
1084 1449 1145 1508 τῶν
1176 1445 1372 1524 πραγμάτων
1404 1445 1508 1528 φωνή,
1539 1448 1601 1508 κάν
1632 1447 1719 1526 ἡμεῖς
1750 1446 1860 1527 φειδοῖ
1885 1445 1938 1527 τὴς

352 1554 505 1635 αἰσχύνης
526 1554 588 1613 τῶν
610 1550 736 1611 οίκείων
758 1555 865 1610 κακῶν
887 1548 943 1628 τήν
965 1571 994 1609 τε
1016 1547 1157 1624 γλῶτταν
1180 1545 1281 1609 διοίσω
1306 1553 1359 1608 καὶ
1380 1550 1436 1620 τοῖς
1458 1549 1553 1629 ὄψεις
1575 1548 1850 1623 ἀνοβαλῶμεθα*.

442 1655 530 1716 16Τοὶ
551 1656 629 1732 μετὰ
652 1657 686 1713 τό
706 1655 793 1734 βὴμα
817 1651 874 1731 δὴ*
897 1650 977 1726 λέγω
1000 1653 1053 1710 καί
1075 1651 1144 1722 τοὺς
1166 1649 1281 1730 έφεξὴς
1302 1649 1453 1728 βαθμούς
1473 1674 1504 1714 τε
1526 1656 1580 1712 καὶ
1604 1653 1761 1731 θρόνους,
1785 1652 1860 1729 μεθ’
1883 1651 1939 1723 οῦς

352 1758 561 1841 ίξυβοίίοντει
583 1753 625 1827 ὡς
648 1754 709 1837 ἤδη
737 1752 924 1832 τυραννίδος
952 1757 1036 1824 τινός
1065 1754 1222 1832 έντοστεῖς
1251 1755 1386 1831 βεβαίως
1416 1754 1598 1835 γενόμενοι,
1632 1752 1688 1818 οὐκ
1714 1754 1758 1816 ιἰι
1787 1757 1938 1816 ιουαιιιι

352 1862 467 1925 λοιπόν
489 1859 564 1922 ούδὲ
586 1859 718 1939 φορητοί
739 1857 850 1934 ἐσμέν·
886 1855 940 1918 δια
971 1860 1061 1917 τοῦτο
1084 1856 1258 1933 γεγόναμεν
1289 1855 1430 1928 ὄνειδος*
1452 1868 1516 1931 τοῖς
1536 1860 1670 1933 γείτοσιν
1691 1854 1791 1939 ἡμῶν,
1821 1879 1937 1940 μυκτη-

351 1968 461 2047 ρισμός
484 1967 538 2022 καλ
559 1961 736 2039 χλευασμὸς
757 1969 821 2030 τοῖς
845 1958 849 2045 ἡ
874 1958 978 2043 κύκλῳ
1003 1958 1100 2042 ἡμῶν.
1124 1959 1183 2041 ήδη
1206 1959 1241 2021 δὲ
1265 1964 1318 2018 καὶ
1338 1962 1430 2040 μέχρι
1452 1965 1505 2034 τής
1526 1967 1639 2043 σκηνὴς
1661 1967 1714 2021 καλ
1729 1966 1793 2024 τῶν
1858 1962 1936 2027 237ι

351 2069 501 2147 θεάτρων
522 2062 743 2146 προήλθομεν,
766 2061 902 2144 δημοσία
925 2085 955 2124 τε
978 2061 1222 2145 κωμῳδούμενοι
1246 2068 1299 2122 καὶ
1322 2062 1390 2123 ίδία
1412 2063 1613 2145 παιζόμενον
1643 2065 1722 2125 καθ’
1744 2062 1833 2147 ἡμῶν
1855 2064 1937 2128 ἀδο-

351 2169 515 2249 λεσχοῦσιν
537 2165 569 2230 οἳ
590 2165 770 2247 καθήμενοι
791 2165 827 2226 έν
846 2165 981 2240 πύλαις,
1010 2169 1065 2226 καλ
1091 2165 1136 2237 είς
1166 2163 1249 2246 ἡμᾶς
1273 2164 1454 2247 ψάλλουσιν
1480 2166 1512 2230 οἳ
1541 2169 1682 2240 πίνοντες
1705 2167 1821 2245 ολνον*,
1851 2169 1937 2243 ὄντες

349 2277 410 2355 μέν
432 2293 495 2336 που
518 2276 571 2333 καὶ
594 2268 701 2341 ἄλλως
722 2270 828 2330 σκαιοί
849 2292 880 2330 τε
901 2273 956 2330 καλ
978 2267 1208 2351 φιλολοίδοροι,
1230 2269 1339 2349 έπειδὴ
1364 2277 1417 2329 και
1439 2268 1618 2332 λαλίστατοι
1642 2269 1697 2331 διδ
1720 2270 1774 2331 τόν
1789 2269 1936 2351 φλύαρον

350 2377 500 2456 ἄκρατον,
524 2377 593 2436 νυνί
616 2373 652 2435 δὲ
674 2372 875 2451 καὶμᾶλλον
897 2371 951 2432 διδ
974 2377 1029 2454 τὴν
1050 2371 1203 2455 εὐπορίαν
1216 2377 1279 2434 τῶν
1292 2370 1490 2445 ῦποθέσεων,
1514 2374 1553 2445 ἃς
1569 2374 1657 2454 ἡμεῖς
1672 2371 1777 2445 αὐτοῖς
1792 2373 1937 2454 ἀφειδῶς

351 2480 429 2542 καθ’
450 2477 571 2540 ἑαυτῶν
592 2480 794 2559 χορηγοῦντες
816 2474 875 2538 οῦκ
898 2474 1137 2553 αίσχυνόμεθα·
1162 2476 1216 2536 διδ
1239 2480 1326 2540 τοῦτο
1349 2485 1494 2552 ποιμένες
1509 2476 1609 2538 πόλιν
1628 2474 1752 2548 πολλοί,
1775 2479 1830 2536 τόν
1851 2475 1935 2553 ἀγα-

350 2584 450 2665 πητόν
471 2577 666 2658 ἀμπελῶνα*
696 2583 747 2643 τοῦ
776 2582 858 2643 θεοῦ
879 2577 1123 2659 διαφθείροντες
1144 2584 1198 2638 καί
1219 2580 1257 2639 τό
1280 2580 1334 2642 τοῦ
1357 2579 1457 2644 καλοῦ
1478 2583 1532 2641 καὶ
1554 2579 1681 2658 πρῶτον
1704 2583 1855 2655 ποιμένος
1878 2578 1934 2640 λυ-

349 2688 540 2765 μαινόμενοι
563 2684 697 2761 ποίμνια
719 2685 870 2745 -τοῦτο
891 2684 951 2758 μὲν
973 2679 1116 2758 ἀμαθίᾳ,
1139 2684 1228 2742 τοῦτο
1251 2680 1287 2742 δὲ
1307 2683 1474 2762 μοχθηρίᾳ
1496 2686 1549 2742 καὶ
1564 2685 1636 2758 βίου
1651 2685 1705 2741 καί
1721 2684 1935 2761 προαιρέσεως

355 2823 393 2835 -
415 2792 467 2847 καὶ
490 2786 545 2858 τοὶς
567 2783 654 2862 λεράς
669 2784 792 2856 έκείνας
806 2787 861 2844 καλ
876 2785 1017 2864 φοβερός
1032 2787 1237 2865 καταβοήσεις
1252 2788 1305 2844 καὶ
1318 2783 1455 2857 ἀπειλάς
1472 2786 1551 2865 πρός
1563 2782 1694 2856 ἑαυτούς
1709 2784 1936 2864 έπισπῶμενοι.

349 2887 421 2952 ἀλλ’
442 2887 523 2954 οὕτω
544 2891 604 2966 μὲν
625 2892 679 2948 καλ
701 2891 831 2947 τοιαῦτα
854 2886 891 2947 τά
916 2892 993 2947 θεῖα
1020 2889 1083 2947 τῶν
1112 2888 1188 2966 παρ’
1216 2884 1308 2967 ἡμῖν·
1340 2889 1377 2949 τά
1408 2887 1438 2950 δ’
1469 2886 1666 2970 ἀνθριόπινα
1689 2892 1757 2960 πῶς
1783 2894 1836 2949 καὶ
1863 2893 1933 2951 τίνα

346 2993 469 3072 τρόπον
489 2988 630 3065 τελεῖται,
653 2992 939 3071 προσεξετόσωμεν.

438 3093 574 3155 ΠΠόλιν
600 3096 661 3172 μέν
683 3114 752 3154 τινα
784 3092 907 3175 πόρνην
937 3089 966 3152 οἱ
991 3093 1170 3174 προφῆται*
1194 3094 1367 3172 θρηνοῦσι,
1397 3092 1557 3176 σπήλαιόν
1578 3114 1609 3155 τε
1631 3092 1771 3179 λῃστῶν*
1794 3099 1847 3155 καὶ
1870 3116 1934 3175 φο-

348 3201 465 3260 νευτῶν
487 3195 680 3279 οίκηιήριον*
703 3200 757 3257 καὶ
772 3197 1071 3276 παραπικραίνοντα
1088 3194 1193 3256 οἶκον*
1209 3194 1213 3279 ἡ
1228 3199 1281 3255 καί
1295 3200 1331 3256 τό
1348 3201 1477 3258 τοιαῦτα
1495 3197 1789 3277 προσαγορεύοντες,
1854 3197 1934 3264 ‘237²

348 3302 403 3384 τὴν
435 3298 588 3381 ἡμετέραν
617 3298 653 3360 δὲ
684 3297 806 3371 πόλιν,
833 3303 888 3377 τὴν
914 3298 1059 3380 κορυφήν
1089 3297 1169 3371 λέγω
1201 3294 1315 3378 ταύτην
1343 3304 1395 3378 τὴς
1428 3298 1614 3380 οἰκουμένης
1641 3305 1695 3359 καὶ
1723 3303 1785 3361 τῶν
1807 3300 1934 3363 πόλεων

279 3412 281 3417 ’
348 3403 533 3475 δέσποιναν,
557 3400 617 3484 ήδη
638 3403 698 3480 μέν
720 3423 763 3472 τις
785 3397 933 3479 εῦστόχως
954 3404 1017 3461 τῶν
1041 3398 1207 3481 θεηγόρων
1230 3398 1378 3478 ῶνόμασε
1400 3401 1496 3463 πόλιν
1518 3401 1706 3474 παιζόντων·
1728 3399 1881 3482 εύξαίμην
1902 3403 1933 3466 δ’

348 3509 391 3569 δν
410 3507 527 3583 ἔγωγε,
555 3508 597 3586 μὴ
626 3510 681 3565 καὶ
708 3503 805 3566 πόλιν
828 3506 1035 3586 θρηνούντων
1056 3503 1282 3585 έπιιληθὴναι.
1312 3506 1394 3576 τίνος
1415 3503 1511 3583 χάριν
1532 3509 1585 3564 καί
1608 3508 1693 3580 πῶςς
1716 3504 1761 3565 ότι
1785 3506 1932 3570 κατέλιπε

347 3616 443 3694 τρίμα
475 3614 528 3672 καὶ
556 3608 763 3690 δικαιοσύνην
784 3606 938 3689 έμίσησεν,
968 3605 1015 3668 ότι
1048 3605 1106 3667 οδκ
1135 3605 1280 3679 έξέλιπεν
1307 3621 1342 3668 εκ
1371 3613 1433 3668 τῶν
1462 3605 1622 3669 πλατειῶν
1650 3608 1746 3688 αι’τής
1766 3611 1857 3681 τόκος
1880 3616 1933 3672 καλ

346 3715 458 3788 δόλος*
480 3712 546 3778 οὐδ’
568 3712 716 3791 ἐπιορκία
739 3716 792 3770 καὶ
816 3709 936 3791 ψεῦδος
959 3708 1027 3771 οὐδ’
1049 3707 1254 3791 ὑπερηφανία
1288 3714 1342 3768 καὶ
1363 3709 1449 3787 ὕβρις
1471 3714 1525 3771 καλ
1547 3708 1737 3791 παντοδαπή
1763 3711 1933 3791 συμφορά·

345 3821 378 3884 ιδ
401 3818 480 3881 καθ’
502 3820 634 3880 ἕκαστον
654 3817 716 3894 γὰρ
739 3811 796 3876 ούκ
818 3813 1045 3892 ένεργούμενον
1065 3812 1178 3889 μόνον,
1201 3809 1285 3871 ἀλλά
1310 3816 1363 3871 καί
1385 3812 1552 3891 λεγόμενον
1574 3815 1742 3890 αἴσχιστον,
1766 3813 1812 3874 ότι
1829 3837 1931 3897 πονη-

344 3926 416 4008 ρίας
437 3922 618 4004 ἀρχέτυπον
640 3917 761 3990 πάσαις
784 3920 944 3998 πρόκειται
967 3914 1078 3977 πόλεσι
1106 3919 1160 3975 καὶ
1181 3917 1299 3993 χῶραις
1322 3915 1375 3976 έπλ
1396 3921 1448 3998 τὴς
1469 3920 1535 4000 γὴς,
1558 3914 1617 3994 ούχ
1638 3911 1727 3996 ἡττον
1743 3927 1857 3978 πασῶν
1878 3919 1932 3980 έπλ

346 4030 443 4106 τακίηι
465 4031 645 4106 προέχουσα
668 4023 688 4102 ἡ
708 4026 744 4108 τῇ
767 4025 839 4101 περὶ
860 4018 961 4083 τάλλα
985 4018 1195 4102 λαμπρότητι,
1231 4025 1285 4079 καὶ
1314 4018 1358 4091 ῶς
1386 4021 1421 4094 έξ
1451 4019 1599 4083 ἀπόπτου
1622 4029 1705 4093 τινος
1728 4027 1780 4082 καί
1804 4021 1932 4106 ύψηλὴς

344 4136 480 4203 σκοπιᾶς
501 4137 563 4201 τοῖς
586 4124 805 4204 ὑποκειμένοις
818 4129 918 4185 πᾶσιν
939 4124 976 4185 έν
990 4122 1092 4206 κύκλῳ
1114 4128 1166 4205 τὴς
1188 4124 1284 4184 νόσου
1306 4129 1360 4204 τήν
1376 4128 1511 4203 φθορὰν
1526 4125 1734 4203 ἐπιρρέουσα·
1757 4125 1855 4204 *πρός
1870 4128 1931 4208 γόρ

344 4237 377 4298 τό
400 4227 593 4313 ῦπερέχονό
619 4228 710 4310 ζὴλος
742 4237 805 4300 τοῖς
835 4231 1065 4307 ταπεινοτέροις
1088 4224 1131 4297 ῶς
1152 4227 1189 4288 τά
1213 4226 1339 4299 πολλά,
1373 4231 1428 4288 καλ
1454 4239 1518 4301 τοῖς
1548 4234 1723 4307 προεστῶσι
1754 4230 1843 4307 φιλεῖ
1863 4253 1931 4304 πως

344 4336 612 4402 συνδιατίθεσθαι
635 4333 669 4394 τδ
688 4328 845 4413 ὑπήκοον·
868 4329 923 4392 διδ
944 4333 1031 4394 τοῦτο
1047 4331 1125 4391 καθ’
1141 4328 1216 4412 ὅλης
1230 4329 1392 4408 ἐκκέχυται
1405 4337 1457 4412 τὴς
1471 4336 1527 4413 γὴς
1542 4330 1560 4414 ἡ
1578 4331 1785 4416 παρὴανομία,
1851 4333 1929 4398 ‘238¹

341 4443 442 4524 δρμὴν
464 4441 612 4505 έντεῦθεν
634 4436 780 4511 λαβοῦσα
809 4440 863 4494 καλ
884 4433 1006 4511 τόλμαν
1032 4432 1072 4495 ού
1100 4432 1270 4514 καθεκτήν,
1304 4439 1358 4494 καλ
1388 4435 1467 4495 κατά
1497 4436 1615 4505 παντὸς
1647 4435 1705 4515 ήδη
1733 4441 1843 4509 γένους
1877 4441 1931 4497 καλ

344 4545 447 4628 πάσης
469 4541 591 4626 ἡλικίας
613 4544 666 4600 καλ
687 4537 780 4620 τύχης
800 4535 834 4598 τό
857 4539 956 4599 κακὸν
976 4534 1200 4616 ὑπερίσχυσεν·
1221 4535 1353 4611 ἔγκειται
1377 4541 1430 4596 καὶ
1452 4540 1509 4600 νῦν
1531 4536 1641 4614 πολλοί
1662 4537 1789 4616 μᾶλλον
1813 4540 1832 4618 ἡ
1852 4538 1931 4600 καθ’

342 4647 398 4722 οῦς
419 4647 538 4728 έλέχθη
567 4644 698 4724 καιρούς
727 4639 745 4724 ἡ
772 4639 904 4703 διάνοια
931 4642 986 4702 τοῦ
1015 4636 1198 4722 ἀνθριόπου
1226 4639 1383 4717 έπιμελῶς
1412 4641 1466 4702 έπλ
1495 4640 1532 4702 τό
1557 4641 1681 4722 πονηροῦ
1704 4641 1738 4701 έιι
1763 4643 1931 4723 νεότητος*,

376 4801 378 4805 ’
417 4816 444 4866 ¹5
460 4795 828 4868 ἀνακαλῶμεθαερορτΙιό
846 4792 879 4856 δὴ
898 4791 927 4856 0,
946 4789 995 4845 sed
1014 4789 1029 4853 ἡ
1048 4807 1065 4842 ε,
1084 4788 1117 4843 0¹
1136 4788 1166 4842 in
1184 4790 1297 4852 τειεΙιό
1317 4789 1407 4841 Ρειιίιο
1419 4791 1541 4853 οηςΙιό
1556 4787 1645 4840 Ρεελιυ
1657 4790 1725 4854 ξηις
1743 4806 1746 4840 ι
1765 4792 1793 4839 16
1805 4789 1846 4840 Ιαι
1859 4789 1933 4860 sd?

345 4888 374 4938 υγ
392 4867 587 4940 Itanum
605 4868 649 4924 Ier
667 4870 800 4937 7‚1¹l¹7
819 4864 864 4918 [τε
883 4881 905 4928 ι,
923 4869 1019 4929 τιΙτγ
1039 4860 1187 4927 Ezeeh2,5
1206 4870 1210 4923 Ι
1228 4876 1256 4925 ¹7
1276 4859 1368 4913 Psalm
1389 4859 1530 4926 νδιτΙιγ
1550 4858 1592 4912 0¹¹²
1612 4859 1707 4928 γνῶμη
1746 4877 1774 4926 ¹7
1795 4868 1854 4913 (ien
1874 4865 1929 4928 6,ς

1570 4971 1616 5031 22
