4560 6172
229 628 231 631 .
350 559 430 628 185
1478 579 1484 591 ·
1873 560 1936 626 1λὸ

349 732 497 808 νόμενον·
532 736 595 792 τῶν
618 730 647 792 δ’
670 730 766 803 ούτως
788 728 927 808 ἐχόντων
948 727 1093 801 ἀπαθῶς
1114 750 1145 789 τε
1167 731 1222 788 καί
1244 727 1392 800 ἀπειθῶς
1415 725 1434 809 ή
1457 727 1560 808 ήμέρα
1582 725 1711 801 πάντως
1732 727 1848 806 έλέγξει
1872 731 1942 805 τούς

349 829 518 910 λογισμούς
539 829 710 914 ἀνοήτους,
738 831 783 896 ότι
807 833 842 893 έν
864 835 940 911 πυρί
963 832 1189 909 παραγίνεται,
1220 834 1359 910 καὶπῦρ
1382 833 1617 909 προπέμπουσα
1641 832 1787 912 μήνυμα,
1811 833 1940 908 γελάται

347 936 438 1013 παρά
460 944 525 1006 τοῖς
547 934 702 1014 ἀφροσιν·
733 934 834 1018 ἡμέρα
855 937 916 1014 γάρ
939 940 1048 1013 κυρίου
1071 931 1329 997 ἀποκαλύπτεται
1359 933 1413 995 em
1443 933 1551 995 πάντα
1578 937 1719 998 τοιοῦτον
1739 933 1887 1019 ὑβριστήν
1908 960 1940 1000 τε

349 1040 405 1098 καί
427 1034 648 1118 ὑπερήφανον,
678 1043 731 1099 καὶ
752 1036 938 1100 ταπεινώσει
959 1036 1172 1121 συήκοφάντην
1192 1035 1389 1117 πραγμάτων
1412 1033 1623 1119 ἀδιαβλήτων,
1658 1043 1712 1100 καὶ
1739 1040 1794 1101 τόν
1860 1041 1939 1106 246²

348 1149 412 1211 τοῖς
434 1139 515 1206 οὕτω
536 1137 708 1222 προδήλοις
730 1139 873 1211 ἀναιδῶς
895 1139 1099 1214 ἀντιλέγοντα
1122 1139 1246 1220 κάμψει
1269 1143 1349 1219 πρδς
1371 1141 1621 1215 συγκατάθεσιν·
1655 1147 1709 1202 καὶ
1730 1141 1762 1203 οί
1782 1146 1852 1222 μέν,
1876 1144 1938 1208 κάν

347 1243 392 1324 μή
414 1248 481 1316 νῦν,
515 1238 599 1305 ἀλλά
621 1247 808 1324 τηνικαῦτα,
843 1242 970 1315 πάντως
993 1242 1197 1324 συνήσουσιν·
1230 1240 1262 1305 οἳ
1284 1247 1387 1304 πιστοὶ
1415 1242 1451 1304 δὲ
1478 1240 1583 1320 ὑμεῖς,
1617 1238 1648 1305 οἳ
1677 1247 1714 1332 τή
1744 1245 1844 1330 βίβλῳ
1874 1253 1937 1311 τῶν

351 1342 475 1418 ζεόντων
496 1344 758 1427 έγγεγραμμένοι*
788 1352 842 1406 καί
869 1351 921 1428 τῆς
947 1344 1076 1425 μερίδος
1104 1345 1267 1428 κληθήναι
1289 1349 1351 1407 τῶν
1374 1344 1561 1426 σῳζομένων
1583 1344 1779 1428 ήξιωμένοι*,
1803 1348 1858 1411 διά
1882 1351 1937 1433 τήν

351 1447 386 1508 ἐκ
415 1450 471 1510 τού
502 1448 607 1530 φόβου
637 1449 860 1525 παιδαγωγίαν
889 1448 934 1530 μή
960 1473 988 1511 τι
1016 1459 1122 1528 χεῖρον
1151 1450 1327 1531 φρονήσητε
1357 1445 1411 1511 όιά
1442 1445 1497 1530 τήν
1524 1448 1568 1511 ἔτι
1588 1454 1830 1530 μακροθυμίαν.
1861 1452 1936 1536 μηδ’

350 1552 524 1634 ἀποφυγήν
546 1555 696 1632 τιμωρίας
717 1557 772 1635 τήν
794 1553 959 1633 ἀναβολήν
979 1550 1208 1632 ὑπολάβωμεν·
1243 1551 1441 1631 δικαιότερον
1471 1557 1533 1631 γάρ
1563 1554 1599 1612 έκ
1627 1556 1681 1618 τοῦ
1709 1557 1816 1619 κοινοῦ
1838 1560 1936 1619 ταῦτα

351 1655 514 1730 λέγεσθαι,
537 1659 644 1735 κοινής
665 1656 877 1739 ἀπηρτημένης
899 1655 1019 1738 πληγής
1040 1656 1094 1717 έπλ
1113 1665 1232 1726 κοινοῖς
1254 1653 1515 1738 πλημμελήμαοι,
1545 1655 1619 1738 μηδ’
1643 1654 1686 1729 τίς
1708 1655 1767 1738 ήδη
1789 1660 1844 1719 τδν
1865 1662 1935 1721 κίν-

350 1757 450 1822 δυνον
471 1756 669 1838 ἀποδράντες
694 1758 916 1839 θαρρήσωμεν,
949 1763 1004 1821 ῖνα
1035 1758 1078 1840 μή
1106 1759 1254 1822 ἐντεῦθεν
1283 1757 1469 1837 ἀπρόοπτον
1489 1761 1523 1821 τό
1547 1757 1654 1820 δεινόν
1675 1757 1861 1839 ύποστῶμεν
1883 1766 1937 1823 καὶ

303 1915 308 1920 .
351 1861 406 1924 διά
428 1866 516 1926 τοῦτο
537 1860 674 1938 μάλιστα
697 1867 750 1921 καὶ
771 1861 957 1942 βαρύτερον,
987 1860 1096 1941 έπειδή
1120 1862 1262 1941 θάρσος*
1283 1861 1421 1941 άκαιρον
1450 1861 1495 1935 είς
1524 1861 1648 1941 θράσος
1668 1866 1873 1943 μεθίσταται,
1902 1867 1937 1928 τό

350 1963 386 2026 δέ
415 1965 645 2047 περιφρόνησιν
672 1968 726 2027 τοῦ
752 1968 949 2036 συνοίσοντος
978 1964 1120 2044 έμποιτῖ,
1154 1965 1190 2026 έκ
1219 1964 1256 2026 δὲ
1284 1963 1393 2028 τούτου
1423 1967 1460 2027 τά
1491 1968 1621 2046 μέγιστα
1653 1968 1718 2028 τῶν
1747 1973 1856 2029 κακῶν
1882 1973 1938 2030 καλ

349 2067 517 2151 ἀνήκεστα.
601 2066 628 2106 ²⁸
636 2066 706 2149 μήτ’
719 2064 775 2131 οὖν
798 2067 1003 2151 ὀκνηρότερον
1022 2067 1236 2149 βουληθῶμεν
1258 2067 1448 2149 διατεθῆναι
1470 2073 1542 2150 περί
1563 2071 1619 2149 τήν
1640 2072 1863 2149 πραγματείαν
1884 2073 1937 2154 τῆς

351 2175 503 2250 σωτηρίας
524 2170 560 2232 έκ
578 2173 633 2234 τοῦ
647 2173 743 2252 μήπω
760 2181 910 2248 παρεῖναι
922 2174 983 2232 τῶν
997 2169 1238 2246 ἀπειλουμένων
1253 2174 1286 2232 τό
1302 2168 1399 2244 τέλος,
1420 2171 1497 2252 μήτε
1509 2175 1573 2254 μήν
1587 2169 1793 2256 έρεΙθίσωμεν
1858 2175 1937 2239 24⁷¹

349 2275 405 2338 τόν
427 2278 521 2336 θεῖον
543 2277 652 2350 θυμὸν
675 2274 752 2334 καθ’
774 2271 896 2336 ἑαυτῶν
917 2272 1099 2348 ἀλογίστως,
1131 2274 1236 2355 ῶσπερ
1259 2274 1302 2338 ἔτι
1325 2273 1528 2337 καθεύδοντα
1551 2275 1592 2337 δι’
1614 2275 1719 2354 άκραν
1741 2274 1936 2358 φιλανθρω-

350 2381 429 2441 πίαν
451 2375 682 2457 ἀφυπνίζοντές
701 2395 732 2438 τε
755 2380 809 2436 καὶ
830 2379 1061 2452 κατεπείγοντες
1083 2376 1162 2438 κατά
1185 2374 1258 2449 τούς
1279 2375 1440 2457 ἀβούλους
1468 2382 1595 2449 τούτους
1616 2376 1829 2456 συμβούλους,
1865 2379 1937 2442 έπε-

348 2481 487 2563 βούλους
510 2478 545 2542 δέ
570 2479 697 2560 μᾶλλον
723 2477 845 2542 ἑαυτῶν
873 2501 904 2542 τε
930 2479 1098 2562 προδήλως
1129 2483 1183 2541 καί
1211 2486 1275 2543 τῶν
1303 2481 1522 2559 προσεχόντων
1552 2478 1658 2553 αύτοῖς
1687 2480 1722 2542 έκ
1750 2487 1805 2543 τοῦ
1834 2481 1936 2559 λέγειν

355 2587 400 2648 Ta
423 2586 517 2663 τάχος
537 2583 687 2660 έγγισάτω
710 2584 747 2644 τά
772 2581 979 2662 θρυλούμενα
1001 2585 1099 2643 ταῦτα
1122 2583 1225 2656 κακά,
1255 2588 1309 2644 ῖνα
1332 2582 1461 2659 ίδωμεν,
1492 2588 1546 2643 καί
1566 2583 1689 2645 έλθέτω
1714 2582 1730 2665 ή
1754 2585 1853 2667 βουλή
1876 2590 1933 2648 τοῦ

349 2685 495 2768 ύψίστου,
518 2691 573 2748 ῖνα
594 2687 752 2765 γνῶμεν*·
776 2683 814 2749 ού
835 2687 896 2765 γάρ
919 2680 1025 2747 ἴσασιν
1046 2686 1122 2758 ἴσως
1143 2684 1182 2746 όν
1203 2689 1259 2746 καί
1279 2684 1413 2764 ἄβυσσοι
1434 2688 1614 2765 τρέμουσιν,
1646 2683 1690 2758 ῶς
1714 2683 1937 2750 ἀνυπόστατον

349 2792 410 2871 δχετ
432 2792 488 2873 τήν
509 2790 562 2852 έπλ
586 2793 654 2861 τούς
675 2787 882 2869 ἁμαρτωλούς
904 2787 1050 2869 ἀπειλήν,
1075 2793 1129 2849 καλ
1151 2783 1208 2850 ούκ
1230 2788 1314 2851 ἔστιν
1334 2785 1519 2869 ἀπόδρασιν
1538 2785 1642 2867 εὑρεῖν
1663 2789 1852 2872 τηνικαῦτα,
1876 2791 1938 2853 κάν

349 2894 379 2957 ελ
393 2892 480 2956 πάνυ
494 2895 706 2973 γνωσιμαχοίη
721 2913 776 2965 τις,
799 2890 877 2953 όταν
893 2889 1014 2975 ἀναστή
1036 2894 1181 2970 θραύσει
1203 2889 1260 2973 τήν
1280 2892 1367 2973 γήν*.
1457 2889 1484 2928 ²⁹
1493 2892 1620 2964 τούτους
1642 2889 1698 2957 οὖν
1720 2893 1798 2974 όπερ
1820 2897 1939 2979 εἴρηται

351 3006 484 3082 φρονεῖν
505 2997 638 3075 ἀφέντες
661 2998 766 3068 κακῶς
773 3043 782 3071 ,
816 2994 846 3055 εί
871 2996 914 3076 μή
943 2996 1075 3073 άμεινον
1097 2993 1279 3072 βούλοιντο,
1314 2991 1403 3058 αύτοί
1422 3015 1476 3072 μοι
1500 2996 1539 3055 τά
1562 2998 1686 3075 κρείττω
1709 2996 1767 3058 σύν
1788 2995 1938 3077 εύβουλίᾳ

350 3098 543 3179 προέλεσθε,
574 3101 627 3159 καὶ
649 3096 682 3160 τό
706 3100 785 3159 καθ’
809 3095 891 3176 ύμᾶς
913 3097 971 3180 όση
995 3096 1140 3177 δύναμις,
1164 3095 1199 3162 εὖ
1221 3100 1346 3160 θέσθαι
1368 3096 1624 3173 διαγωνίσασθε·
1660 3102 1713 3160 καί
1735 3098 1775 3182 δή
1798 3102 1939 3184 πειθαρ-

349 3206 474 3283 χοῦντες
495 3202 540 3274 είς
562 3202 677 3283 καιρόν
698 3206 740 3283 τῷ
764 3198 940 3263 κελεύοντι*
959 3199 1122 3274 Ἐξέλθετε
1144 3201 1179 3262 έκ
1200 3204 1298 3278 μέσου
1328 3199 1433 3265 αύτῶν
1461 3205 1515 3262 καὶ
1545 3197 1761 3284 ἀφορίσθητε,
1792 3205 1939 3286 πονηράν

349 3309 521 3367 κοινωνίαν
541 3305 618 3383 μετά
641 3307 693 3386 τής
714 3303 812 3386 λύμης
834 3303 1036 3379 ἐκκλίνοντες,
1070 3312 1125 3366 καί
1145 3306 1216 3376 τούς
1237 3303 1354 3368 τούτων
1376 3304 1490 3381 λόγους
1512 3299 1555 3375 ῶς
1576 3303 1720 3384 βόθρους
1741 3308 1762 3386 η“
1783 3309 1939 3390 κρημνούς

350 3407 538 3489 άποφύγετε,
561 3406 669 3488 έπειδή
692 3409 771 3466 καθ’
794 3406 877 3486 άπερ
900 3405 1056 3481 ἀκούετε*,
1081 3407 1085 3492 ί
1109 3405 1141 3469 οἳ
1161 3405 1385 3486 μακαρίζοντες
1404 3405 1487 3485 ύμάς
1501 3405 1668 3469 πλανῶσιν
1689 3408 1792 3485 ύμάς·
1859 3411 1940 3475 247²

348 3511 455 3595 είρήνη
476 3514 539 3591 γάρ
561 3511 684 3593 (φησί*)
708 3508 843 3585 λέγουσι,
867 3516 920 3570 καί
937 3507 991 3574 ούκ
1005 3509 1086 3571 ἔστιν
1104 3509 1231 3592 είρήνη·
1253 3508 1300 3572 ότι
1322 3512 1389 3589 πύρ
1412 3507 1472 3593 ήδη
1495 3513 1615 3571 καίεται
1630 3512 1738 3589 θυμοῦ
1758 3515 1811 3572 καὶ
1833 3510 1939 3594 όργής,

350 3619 403 3675 καί
425 3611 482 3677 ούκ
506 3613 591 3676 ἔσται
613 3611 631 3674 ὁ
655 3614 803 3691 σβέσων*,
836 3611 1021 3692 μᾶλλονδὲ
1044 3617 1096 3672 καλ
1127 3612 1201 3673 λίαν
1230 3611 1320 3689 έγγύς
1350 3613 1442 3688 δστιν,
1473 3612 1503 3675 εί
1530 3611 1721 3692 βουλόμεθα
1749 3613 1938 3690 δέξασθαι*.

347 3719 456 3783 τούτου
479 3717 507 3779 δ’
529 3716 653 3795 ἔχοντος
675 3715 772 3790 οὕτω,
804 3719 907 3795 μανία
937 3738 981 3789 τις
1003 3715 1110 3796 σαφής
1131 3717 1165 3776 τό
1187 3715 1229 3796 μή
1251 3716 1447 3795 βούλεσθαι·
1482 3717 1551 3788 πῶς
1574 3714 1604 3776 δ’
1627 3717 1669 3776 ἀν
1691 3718 1812 3792 γένοιτο
1834 3721 1935 3793 τούτο,

349 3827 403 3882 καί
424 3826 468 3893 τίς
491 3819 507 3882 ό
531 3818 647 3899 τρόπος
669 3817 743 3900 ἡμῖν
766 3818 783 3881 δ
804 3824 954 3884 τοσοῦτον
969 3819 1167 3900 κατόρθωμα
1183 3817 1318 3892 δυνατός
1333 3820 1550 3898 κατορθῶσαι,
1573 3828 1716 3880 σκοπεῖτε
1731 3824 1938 3900 προσέχοντες

348 3929 391 4008 τῶ
415 3925 499 4004 λόγῳ
521 3923 577 3986 τόν
599 3927 689 3986 νούν.

435 4026 656 4100 ’θλαόσασθα
685 4029 829 4105 καθαροὶ
851 4026 957 4109 (φησί)
978 4027 1122 4100 γένεσθε.
1150 4023 1285 4106 ἀφέλετε
1313 4024 1369 4097 τάς
1399 4026 1554 4103 πονηρίας
1577 4022 1668 4103 ὑμῶν
1696 4023 1851 4087 ἀπέναντι
1875 4030 1938 4087 τῶν

345 4129 534 4213 δφθαλμῶν
565 4129 665 4209 μου*·
697 4128 731 4190 τό
760 4129 821 4207 γάρ
852 4124 952 4204 στόμα
983 4130 1093 4210 κυρίου
1125 4127 1258 4210 ἀλάλησο
1286 4128 1410 4192 ww·
1451 4132 1596 4205 συνῶμεν
1624 4127 1669 4199 ῶς
1696 4138 1852 4205 νουνεχεῖς
1885 4132 1937 4210 τής

346 4232 546 4312 ἀξιοπιστίας
576 4238 631 4296 τοῦ
663 4230 826 4307 λέγοντος·
862 4230 1033 4306 δεξάμεθα
1064 4229 1217 4293 παιδείαν
1243 4235 1298 4292 καὶ
1326 4235 1446 4313 σοφίαν
1475 4233 1528 4291 καί
1555 4231 1712 4292 σύνεσιν*·
1747 4229 1936 4311 ἀποστῶμεν

345 4335 412 4422 ἀψέ
434 4359 509 4399 ποτε
530 4340 593 4398 τῶν
615 4339 716 4416 ἔργων
738 4342 789 4420 τής
813 4337 983 4417 πονηρίας·
1007 4335 1249 4416 προτιμήσωμεν
1264 4334 1341 4415 ἔργα
1358 4333 1559 4415 δικαιοσύνης
1574 4329 1619 4405 οίς
1632 4335 1710 4406 θεός
1723 4332 1934 4409 έξιλάσκεται·

344 4443 509 4521 μάθωμεν
533 4438 674 4516 ἑκόντες,
710 4447 765 4502 ῖνα
786 4442 829 4523 μή
853 4439 999 4512 ἄκοντες,
1029 4437 1160 4501 ἀκούειν
1189 4436 1485 4518 στενοχωρούμενοι,
1513 4435 1640 4516 μάλλον
1662 4435 1699 4498 δέ
1719 4436 1935 4518 μετριάσωμεν

346 4543 390 4628 (τί
409 4542 560 4630 δυνατόν)
582 4554 651 4617 ταῖς
673 4544 824 4624 δρέξεσιν,
845 4542 914 4604 έπεί
936 4546 989 4603 καὶ
1011 4543 1043 4603 τό
1063 4545 1191 4622 μέτριον
1212 4547 1265 4605 καί
1281 4544 1350 4627 θεῷ
1373 4544 1456 4621 τάχα
1477 4543 1615 4622 μέτριον.
1636 4542 1727 4622 μέχρι
1748 4544 1832 4615 τίνος
1854 4540 1932 4605 ἀνέ-

1924 4735 1931 4753 ί

414 4754 444 4803 ²7
463 4735 579 4804 Philipp
591 4755 615 4800 4,
631 4757 644 4805 3
661 4738 665 4808 Ι
682 4757 711 4804 27
731 4738 862 4805 Οοίοεετ,
876 4756 904 4789 12
920 4737 925 4802 Ι
941 4755 971 4801 ²7
991 4735 1033 4789 0¹¹¹
1052 4735 1148 4807 χνοίμη
1163 4738 1169 4804 Ι
1183 4744 1213 4793 28
1227 4738 1315 4794 Ιεοίοε
1326 4756 1349 4806 5,
1364 4755 1393 4806 ες
1408 4739 1413 4804 Ι
1429 4742 1459 4791 28
1476 4736 1564 4793 Ιεοίοε
1576 4756 1600 4800 τ,
1614 4754 1643 4803 ¹9
1659 4739 1664 4796 Ι
1680 4734 1810 4803 τςῙεαίεε
1825 4752 1864 4802 52,
1876 4754 1903 4788 τι
1925 4756 1931 4854 η

343 4824 375 4945 ηη
386 4806 480 4933 Ιιητηητηη
480 4826 514 4933 1³ss
524 4826 560 4948 τὲ
564 4812 573 4943 ‚l
589 4809 763 4946 ηηλὲτοοίιὶολ
774 4826 811 4876 13,
823 4827 853 4861 το
868 4811 873 4874 1
889 4825 920 4875 ²9
939 4805 1070 4863 Ieremias
1084 4827 1136 4872 4,4
1151 4809 1158 4876 Ι
1173 4829 1203 4878 ²9
1222 4811 1316 4866 Matth
1329 4828 1367 4875 11,
1381 4827 1410 4874 14
1425 4810 1431 4878 Ι
1446 4829 1477 4876 30
1491 4808 1610 4874 Ιεείοει,
1622 4812 1650 4860 1⁶
1666 4810 1672 4876 Ι
1687 4825 1719 4874 30
1736 4806 1823 4861 Isaiae
1843 4825 1906 4872 ι,το
1927 4855 1931 4874 ,
