4560 6172
1786 596 1827 660 71

237 759 366 846 οὐρανιῆ
390 765 498 834 πιστδς
518 765 657 844 μάρτυς,
689 761 715 840 ὁ,
729 760 851 835 ἐτάζων
873 760 1009 840 καρδίας
1031 764 1085 822 καί
1109 763 1244 843 νεφρούς
1265 761 1417 841 ἐρευνῶν,
1449 762 1490 824 δι’
1521 763 1559 825 δυ
1588 760 1664 846 ῆμίν
1696 763 1829 843 χάρισαι

237 868 346 927 κακῶν
369 863 553 949 άμνηστίαν,
584 857 617 930 εἴ
634 890 662 930 τι
684 871 739 928 καὶ
759 865 1029 947 παρεσφάλημεν·
1059 867 1113 926 καλ
1133 867 1240 942 γνῶθι
1263 863 1365 926 πάλιν
1386 866 1455 939 τούς
1477 866 1568 940 σούς,
1596 871 1649 926 καὶ
1671 868 1751 946 πρδς
1773 870 1829 952 τῆν

240 973 355 1033 σαυτοῦ
374 968 568 1050 φιλάγαθον
588 970 687 1053 φύσιν
708 969 904 1033 ἐπανελθεῖν
925 970 1134 1042 καταξίωσον.
1180 967 1206 1006 ¹⁰
1214 967 1321 1030 δεινδν
1341 976 1403 1048 γὰρ
1417 971 1489 1050 ἐμοὶ
1504 974 1557 1031 καὶ
1572 966 1747 1053 άφόρητσν,
1770 972 1827 1052 οὐχ

237 1070 325 1144 ὅπως
346 1069 466 1152 άνδρδς
489 1076 635 1138 τοσούτου
658 1074 771 1157 ζημία,
805 1071 889 1145 ὅστις
912 1078 965 1137 τού
985 1076 1105 1144 παντδς
1127 1078 1226 1135 πᾶσιν
1248 1074 1338 1146 άξιος
1360 1072 1489 1146 εἰκότως
1519 1071 1625 1147 δοκεῖ,
1662 1071 1749 1135 άλλά
1771 1079 1826 1137 καί

235 1177 289 1235 τού
310 1170 457 1253 τυχόντος
479 1173 529 1257 (εὐ
549 1177 634 1262 ἴσθι)
657 1177 712 1239 διὰ
735 1181 788 1239 τδν
810 1175 889 1259 μηδὲ
912 1181 974 1238 τῶν
995 1178 1118 1255 μικρῶν
1139 1175 1209 1238 τινά
1231 1180 1350 1240 τούτων
1371 1177 1582 1256 ἐπιτρέποντα
1602 1175 1826 1250 σκανδαλίζειν

235 1279 508 1359 ῆπροκοταλύειν
536 1279 626 1364 ῆλίου
657 1285 737 1345 πάσι
767 1280 897 1362 τρόποις
926 1283 960 1342 τδ
994 1278 1189 1342 σκάνδαλον.
1245 1279 1362 1360 11πρδς
1392 1280 1487 1344 αὐτού
1514 1283 1621 1342 τοίνυν
1641 1279 1751 1342 τούτου
1772 1285 1826 1345 τού

235 1384 414 1460 νομοθέτου
436 1385 576 1447 άκουσον
596 1389 754 1469 γνωρίμης
776 1385 902 1465 φωνῆς,
934 1389 988 1443 καὶ
1019 1382 1130 1456 δείξδν
1152 1405 1206 1462 μσι
1230 1384 1348 1444 σαυτδν
1369 1381 1413 1456 ῶς
1434 1386 1468 1445 τδ
1492 1383 1656 1464 πρότερον.
1678 1388 1825 1458 γνωστοῖς

234 1481 293 1544 ἴδω
323 1502 357 1546 σε
386 1484 504 1562 πάλιν,
536 1493 590 1549 καὶ
620 1488 767 1565 γλυκείας
796 1484 922 1549 άκούσω
952 1483 1150 1565 προσλαλιάς
1178 1485 1269 1564 παρά
1299 1489 1368 1549 σού.
1415 1485 1540 1547 12α’λλά
1572 1491 1600 1548 τί
1627 1489 1670 1570 μη
1703 1491 1824 1550 θάττον

227 1582 309 1667 ,ῆμίν
330 1587 385 1668 τῆν
407 1592 658 1672 σκυθρωπότητα
681 1589 773 1665 λύεις,
797 1593 851 1652 τδν
874 1589 1061 1669 ἐξσρκισμδν
1083 1588 1267 1666 αἰδεσθείς,
1289 1593 1316 1650 τί
1337 1589 1381 1672 μῆ
1405 1586 1595 1669 θεραπεύεις
1617 1595 1650 1652 τδ
1675 1589 1824 1672 ἄλγημα,

237 1686 264 1725 ¹³
272 1688 401 1771 βλέψον
423 1691 483 1776 ῆδη
504 1701 557 1754 καὶ
580 1695 682 1755 πάλιν
704 1694 784 1773 πρὸς
806 1692 890 1775 ῆμάς
911 1690 1045 1766 εὐγενές.
1075 1695 1219 1772 φθέγξαι
1242 1691 1371 1771 φιλικόν
1392 1715 1419 1754 τι
1447 1698 1501 1753 καὶ
1528 1684 1682 1777 σύνηθες,
1718 1693 1747 1755 εί
1769 1698 1823 1754 καὶ

231 1794 273 1874 μῆ
296 1792 435 1867 ἐντόπισς
456 1795 591 1878 ἐνωπίῳ,
616 1794 661 1868 ῶς
682 1799 712 1857 εἴ
732 1816 776 1870 τις
798 1796 933 1877 λαλῆσαι
955 1796 1034 1874 πρὸς
1061 1793 1189 1880 ἐαυτοῦῆ
1207 1792 1304 1876 φίλον
1326 1796 1430 1880 (τοῦτο
1445 1801 1506 1876 γάρ
1522 1796 1583 1872 ἐγοέ
1602 1800 1677 1869 τέως
1765 1797 1823 1862 '16²

232 1899 322 1975 παρὰ
345 1900 398 1979 τῆς
420 1897 597 1979 α’ρρωστίας
620 1899 675 1964 οὐκ
697 1900 941 1980 ἐπιτρέπομοι),
976 1896 1063 1959 α’λλά
1092 1920 1126 1973 γε
1147 1897 1316 1977 μακρόθεν
1338 1897 1378 1960 δι’
1401 1899 1566 1982 ἐπιστολῆς
1589 1903 1609 1983 ῆ
1629 1903 1820 1984 μηνύματος,

231 2002 285 2058 καὶ
315 1998 372 2071 δός
401 2023 428 2063 τι
457 2005 559 2083 σαφὲς
587 2007 638 2084 τῆς
669 2003 959 2074 ἀποκαταστάσεως
988 2000 1168 2080 γνῶρισμα,
1203 2006 1255 2061 καὶ
1287 2005 1342 2083 τῆν
1370 2003 1416 2074 εἰς
1447 2004 1481 2065 τδ
1505 2008 1632 2082 πρῶτον
1654 2004 1820 2068 ἐπάνοδον

232 2101 360 2183 ἐναργεί
379 2107 584 2188 παράστησον
607 2105 779 2178 ἀποδείξει,
803 2111 857 2166 ίνα
880 2123 939 2167 σου
960 2113 1025 2174 τσίς
1047 2103 1158 2175 ἄλλοις
1180 2102 1292 2176 καλοῖς
1313 2106 1557 2195 ἐπιμαρτυρηθῇ
1580 2112 1633 2168 καί
1655 2111 1689 2169 τδ
1714 2107 1821 2183 άνεξί-

231 2226 339 2280 κακον,
364 2211 417 2266 καὶ
440 2205 528 2293 ῥηθῆ
551 2215 604 2270 καί
626 2212 706 2290 πρδς
729 2212 763 2270 σὲ
785 2208 831 2271 δτι
857 2208 963 2281 Καλδς
985 2206 1060 2280 δλος
1081 2207 1125 2284 ελ,
1156 2213 1210 2269 καὶ
1231 2205 1288 2270 οὐκ
1310 2209 1373 2271 ἐστι
1395 2212 1507 2289 μῶμος
1528 2212 1563 2272 ἐν
1586 2215 1646 2273 σοί.
1693 2212 1765 2273 14τδ
1789 2213 1819 2275 δ’

230 2308 282 2369 ἐπί
305 2311 435 2384 τούτοις,
459 2309 598 2387 ὑγίαινε,
621 2319 674 2374 καί
696 2310 798 2395 μηδέν
820 2329 854 2374 σε
875 2316 938 2373 τῶν
960 2311 1086 2385 ἔξωθεν
1108 2309 1159 2372 άεί
1181 2310 1424 2390 συμπιπτόντων
1445 2315 1498 2394 τῆς
1520 2313 1663 2396 ἐμφύτου
1685 2315 1821 2397 χρηστό-

227 2432 314 2494 τητος
336 2417 389 2473 καί
412 2412 569 2497 καλλονῆς
592 2418 799 2498 παρατρέποι.

318 2519 406 2584 127.
429 2541 476 2600 κη.
502 2519 659 2583 1νΑτοπον
682 2518 778 2582 οὐδέν
801 2516 869 2581 οὐδ’
892 2517 1052 2579 άνοίκειον
1075 2517 1191 2600 (ίππον
1212 2517 1274 2594 γάρ
1298 2518 1456 2600 ἐπαφίημι
1473 2517 1572 2599 πεδίῳ
1588 2518 1819 2600 τδνδρομικόν,

227 2625 281 2679 καί
303 2618 397 2681 αἐτδν
418 2622 463 2693 εἰς
486 2622 623 2700 νεφέλας
646 2621 829 2702 άναπέμπω
849 2624 905 2683 τδν
925 2617 1079 2701 ύψιπέτη)
1109 2620 1189 2698 πρδς
1216 2617 1395 2699 εὐεργεσίαν
1427 2640 1463 2682 σε
1494 2627 1683 2702 παρορμῶν,
1714 2619 1817 2707 ρίκαί

227 2720 406 2805 αὐτομάτην
428 2725 472 2800 εἰς
494 2728 581 2790 τοῦτο
606 2729 785 2808 φερομένην
806 2723 881 2786 σέδα
903 2727 958 2804 τῆν
979 2727 1127 2804 γνοίμην,
1157 2725 1218 2783 κάν
1246 2722 1355 2804 μηδείς
1382 2722 1481 2806 αὐτὴν
1509 2726 1634 2798 ἔξωθεν
1656 2723 1818 2788 ὑποκινῶν

228 2825 383 2914 άνεγείρη.
424 2832 480 2890 τόν
510 2828 546 2890 δὲ
574 2830 685 2911 ταύτης
715 2827 869 2907 δεόμενον
897 2831 950 2910 τῆς
978 2825 1057 2886 καθ’
1080 2824 1164 2906 ῆμάς
1186 2825 1289 2897 οέκίας
1310 2825 1450 2902 λογίζου,
1484 2827 1564 2903 λέγω
1588 2827 1624 2890 δὲ
1647 2829 1815 2910 φαμιλίας,

222 2929 399 3012 ’ἐπειδῆπερ
422 2930 440 2992 δ
464 2931 559 3007 λόγος
582 2933 663 3011 πρδς
684 2930 830 2993 ἐταλικόν
860 2953 890 2992 τε
920 2933 975 2990 καί
1005 2925 1238 3010 φιλορώμαιον.
1283 2929 1344 2994 2σὺ
1374 2934 1434 3009 μὲν
1455 2929 1512 2994 οὐν
1533 2927 1568 2994 εὐ
1589 2941 1705 3006 ποιεῖν,
1728 2927 1817 3006 οὗτος

227 3032 263 3094 δέ
292 3037 415 3097 παθεῖν
449 3033 717 3114 προθυμούμενος
746 3032 897 3114 άλλῆλοις
926 3032 971 3104 είς
1000 3029 1102 3092 καλὸν
1132 3032 1359 3115 συνηντῆσατε·
1391 3033 1567 3113 ἐπισκοπῆν
1597 3034 1632 3095 δὲ
1663 3033 1680 3096 δ
1711 3036 1817 3115 κύριος

225 3134 426 3221 άμφσῆτέρων
447 3137 591 3220 ποιῆσει,
622 3142 676 3198 καί
699 3145 800 3217 κρινεί
819 3143 874 3208 τάς
896 3134 1054 3214 ἑκατέρων
1076 3134 1244 3214 δυνάμεις,
1277 3139 1395 3218 ποτέρα
1429 3139 1572 3217 θατέρας
1599 3136 1671 3199 ἐπι·
1759 3139 1816 3204 77¹

225 3243 412 3321 κρατεστέρα
436 3244 490 3300 καὶ
510 3243 664 3319 κρείττων,
686 3243 745 3301 εἴτε
769 3236 786 3321 ῆ
811 3240 848 3320 σῆ
871 3240 925 3301 τού
948 3241 1133 3313 πσιούντσς,
1156 3235 1199 3311 ῶς
1221 3245 1346 3321 νικῆσαι
1370 3244 1423 3300 καί
1445 3241 1568 3304 παῦσαι
1589 3244 1645 3322 τῆν
1666 3245 1721 3304 τοῦ
1749 3239 1817 3303 πά-

223 3359 351 3423 σχοντος
373 3342 482 3426 ἔφεσιν
505 3342 611 3425 ῶσπερ
634 3342 740 3424 δίψαν
764 3342 880 3416 ποτόν,
914 3344 973 3403 εἴτε
994 3339 1121 3419 μᾶλλον
1143 3339 1161 3425 ῆ
1184 3340 1312 3417 τούτου,
1345 3343 1389 3417 ῶς
1409 3347 1462 3426 τῆς
1484 3346 1539 3426 σῆς
1561 3344 1644 3424 πρδς
1665 3341 1817 3408 εὐποιίαν

223 3444 329 3526 ἰσχύος
356 3454 398 3531 τῷ
431 3449 562 3527 μεγέθει
594 3452 646 3527 τῆς
673 3449 780 3525 χρείας
810 3446 1055 3526 περιγενέσθαι,
1087 3447 1140 3503 καί
1174 3441 1333 3506 άπελθείν
1368 3446 1411 3508 ἐτι
1441 3445 1595 3534 χρῄζοντα
1628 3451 1684 3507 καὶ
1716 3449 1812 3528 μῆπω

223 3551 485 3633 πεπληρωμένον.
516 3550 617 3631 8πρὸς
640 3547 735 3614 αὐτὸν
757 3545 813 3613 οὐν
835 3546 851 3610 δ
877 3551 942 3619 πῶς
964 3546 1186 3609 άπστεινέσθω
1202 3549 1320 3620 σκοπός
1342 3568 1408 3624 σοι,
1432 3550 1541 3631 ἐπειδη
1565 3554 1619 3610 καί
1634 3547 1657 3611 δ’
1668 3548 1816 3624 κίνδυνος

222 3652 302 3737 δρᾷς
324 3653 367 3728 ῶς
389 3655 426 3720 οὐ
447 3657 559 3735 μικρός
581 3652 655 3719 οὐδὲ
679 3654 813 3734 φαῦλος,
835 3654 959 3736 μῆποτέ
979 3675 1035 3730 μοι
1047 3656 1082 3714 τδ
1100 3651 1230 3715 ἔλαττον
1245 3655 1297 3714 ἐπί
1309 3654 1497 3736 τηλικούτοις
1512 3652 1633 3738 ἐνέγκη,
1657 3659 1813 3729 τοσοῦτος,

221 3762 276 3820 καὶ
297 3762 393 3822 ταῦτα
416 3762 497 3838 πρὸς
518 3758 648 3821 τοσόνδε
670 3755 933 3839 διαμιλλάμενος.
978 3756 1062 3818 4τῶν
1090 3755 1170 3838 ὑπὲρ
1199 3756 1288 3838 ῆμῶν
1317 3755 1354 3818 δέ
1382 3774 1432 3819 σοι
1464 3756 1584 3832 λόγων,
1617 3754 1643 3818 ῶ
1678 3758 1809 3820 πάντων

221 3861 338 3941 άριστε,
361 3864 415 3921 καί
437 3863 500 3923 τῶν
522 3865 724 3939 θαυμαστῶν
746 3862 866 3941 κρότων
889 3858 980 3931 άλις·
1014 3858 1052 3924 οὐ
1074 3861 1136 3940 γάρ
1159 3863 1275 3932 πείσεις
1297 3861 1490 3940 προσάπτων
1512 3862 1549 3920 τὰ
1571 3865 1613 3942 μῆ
1639 3860 1810 3942 προσόντα,

221 3964 327 4037 άλλως
349 3987 397 4038 τε,
432 3969 485 4024 καὶ
507 3963 554 4027 ὅτι
578 3966 786 4047 πρσείληπται
809 3965 890 4025 κατά
914 3965 970 4026 σού
991 3966 1028 4024 τά
1051 3968 1104 4043 τῆς
1127 3967 1255 4042 κρίσεως
1277 3961 1319 4035 ῶς
1340 3960 1451 4040 εὐνοίᾳ
1474 3960 1659 4036 δεκάζοντος
1680 3966 1736 4036 τδς
1757 3963 1810 4046 ἐφ’

178 4144 184 4152 ι
220 4064 297 4150 ῆμίν
318 4071 402 4145 τάχα
427 4066 575 4150 ψῆφους,
606 4067 715 4148 ἐπειδῆ
739 4065 961 4138 παντοδαποῖς
983 4065 1000 4148 ῆ
1025 4066 1119 4147 φιλία
1142 4070 1340 4148 κοσμουμένη
1364 4066 1473 4139 καλοίς
1495 4068 1550 4126 καὶ
1572 4064 1705 4139 πολλοῖς
1727 4087 1812 4128 παν-

220 4171 362 4250 ταχόθεν
384 4170 629 4254 περικλυζσμένη
652 4182 715 4243 τοῖς
737 4171 912 4252 ἐγκωμίοις,
934 4173 970 4232 ἓν
992 4171 1055 4247 ἔχει
1078 4174 1166 4234 τοῦτο
1188 4169 1290 4247 μόνον
1313 4169 1476 4251 άτύχημα·
1508 4166 1649 4242 ἐποπτός
1670 4169 1734 4231 ἐστι
1756 4170 1812 4241 τάς

219 4279 334 4356 κρίσεις
355 4278 418 4337 τῶν
446 4274 669 4356 φιλσυμένων,
704 4277 757 4335 καί
787 4273 842 4337 οὐκ
874 4273 1009 4351 εὐχερῶς
1038 4270 1116 4359 αὐτῆ
1142 4271 1146 4357 Ι
1170 4283 1372 4352 συγχωρετται
1401 4275 1435 4335 τδ
1469 4271 1664 4347 άξιόπιστου,
1753 4271 1811 4336 77²

219 4382 281 4442 κάν
302 4383 464 4466 μαρτυρῆ,
496 4381 558 4439 κάν
590 4377 712 4463 δικάζη.
758 4374 849 4437 ὓάλλ’
880 4376 1028 4439 ἐνταῦθα
1059 4375 1092 4437 τδ
1123 4375 1364 4454 σχετλιοίτατσν·
1399 4379 1452 4436 καὶ
1486 4379 1575 4454 παρά
1607 4378 1659 4458 τῆς
1689 4377 1812 4454 ἔχθρας

218 4481 312 4564 αὐτῆς
334 4481 562 4543 πλεονεκτεττοι
585 4483 789 4563 περιφανῶς,
819 4482 966 4541 τοσοῦτον
994 4479 1113 4561 ἐκείνης
1143 4477 1318 4559 ὑστεροῦσα
1348 4485 1419 4560 περὶ
1448 4487 1504 4561 την
1534 4481 1638 4541 πίστιν
1668 4479 1746 4540 ὅσον
1774 4479 1810 4541 ἐν

217 4598 287 4661 ταῖς
307 4590 494 4667 μαρτυρίαις
517 4588 643 4675 ἐκείνη*
673 4588 706 4648 τὸ
731 4584 988 4665 άπαράγραπτον
1016 4581 1077 4646 ύπδ
1106 4587 1159 4665 τῆς
1189 4589 1365 4664 παροιμίας
1393 4594 1688 4665 προσμαρτυρείται.
1733 4583 1812 4646 Βκαλ

221 4694 414 4771 θαυμαστόν
435 4688 530 4753 οὐδὲν
552 4694 641 4766 ἴσως,
672 4688 771 4752 δπότε
801 4693 854 4748 καὶ
884 4686 1008 4767 τυφλῆν
1038 4685 1098 4768 ῆδη
1126 4686 1240 4769 ταύτην
1261 4691 1324 4750 τῶν
1345 4686 1450 4749 πάλαι
1473 4693 1586 4769 σοφῶν
1606 4689 1687 4760 τινὲς
1707 4688 1810 4749 εέπείν

287 4835 414 4889 8Ρεοίισ
434 4854 457 4900 η.
478 4853 507 4886 10
532 4834 537 4901 1
561 4853 576 4900 9
596 4834 688 4888 Matth
709 4838 780 4896 18‚6
805 4835 810 4896 l
836 4852 865 4885 12
886 4830 962 4886 Exod
981 4850 1020 4898 ηρ,
1041 4850 1068 4882 ιι
1093 4832 1098 4898 Ι
1122 4851 1150 4883 ιτ
1169 4831 1241 4886 Cant
1258 4851 1282 4896 4,
1301 4851 1315 4898 7
1337 4833 1342 4899 Ι
1364 4851 1380 4896 4
1399 4830 1441 4884 0¹¹¹
1461 4828 1565 4898 ῶραῖσν
1583 4845 1635 4898 per
1653 4828 1809 4898 scripturae

216 4905 414 4977 oompendium
436 4905 607 4958 Studemund
622 4913 654 4972 ις
675 4907 769 4969 ίκείνηι
788 4904 829 4969 0¹,
848 4906 931 4967 ἐκείνη
951 4904 984 4958 0¹
1004 4903 1175 4956 δίαδιιπυσά
