4560 6172
183 562 260 627 177
1731 555 1771 619 97

183 731 256 809 ε’χον
286 727 402 805 οῦδέν,ί
425 727 497 793 ἄλλ’
531 730 732 811 ἑκατέρωθεν
769 731 904 810 ἄπειρον
941 734 993 792 καλ
1032 730 1199 794 πάντοθεν
1230 729 1374 813 ἄληπτον
1402 731 1436 792 τό
1471 731 1554 810 μέγα
1585 728 1688 791 έκεῖνο
1719 743 1775 799 καὶ

179 832 325 896 δθέατον
348 835 471 911 θέαμα.
525 833 638 896 14όταν
660 833 696 896 δὲ
718 842 782 905 τοῖς
804 832 901 906 οῦτως
922 833 1010 909 έγγύς
1043 837 1098 895 καὶ
1118 836 1281 913 καθαροῖς
1303 839 1358 895 καὶ
1378 830 1490 906 α’όλοις
1519 831 1612 911 μόλις
1633 832 1668 895 έκ
1690 853 1773 904 τινος

177 939 294 1017 μέρους
322 938 356 999 τό
389 940 484 999 θεῖον
512 938 769 1018 έπιγινιόσκηται,
804 941 831 997 τί
860 939 929 998 ποτ’
959 939 1001 998 ἄν
1023 934 1112 1020 ἡμεῖς
1134 936 1234 998 πλέον
1256 939 1338 1008 έζειν
1359 937 1557 1016 ἐλπίσωμεν,
1581 934 1611 998 οἱ
1635 938 1772 1014 κείμενοι

180 1044 290 1121 πόρρω
313 1044 368 1101 καὶ
389 1041 422 1101 τό
446 1042 532 1119 παχὺ
553 1044 641 1105 τοῦτο
664 1042 763 1118 νέφος
784 1043 836 1121 τῆς
857 1042 975 1120 σαρκός
1006 1044 1251 1122 περιφέροντεςς
1284 1040 1367 1102 ὅθεν
1397 1041 1470 1120 ἄχρι
1501 1040 1618 1103 τούτων
1647 1036 1724 1120 ἡμῖν
1753 1026 1771 1100 ό

180 1149 252 1223 περὶ
275 1147 356 1206 θεοῦ
378 1148 454 1216 τέως
476 1143 583 1219 λόγος·
616 1147 650 1205 τό
674 1145 734 1223 γάρ
757 1142 836 1223 ὑπὲρ
859 1147 959 1205 ταῦτα
982 1144 1079 1227 ζητεῖν
1102 1143 1155 1207 οῦκ
1178 1141 1325 1224 ἄσφαλὲς
1352 1144 1426 1208 οὐδὲ
1448 1143 1598 1219 εὔλογον·
1622 1138 1686 1204 *ὦν
1708 1143 1770 1222 γᾶρ

181 1245 372 1309 ἄνέλπιστον
406 1246 423 1329 ἢ
451 1252 582 1323 γνιῦσις,
616 1245 787 1323 ἄλόγιστον
816 1246 834 1328 ἢ
863 1247 1010 1321 ἐξέτασις.
1040 1248 1069 1309 εί
1098 1247 1126 1310 δ’
1156 1245 1212 1310 οὐκ
1242 1246 1442 1333 ἄνέλπιίσιον
1464 1246 1627 1324 ἄγγέλοις,
1696 1248 1773 1311 118¹

182 1350 365 1433 ζητείτωσαν
386 1351 523 1426 ἄγγελοι.
570 1350 677 1426 15έμοὶ
700 1350 735 1412 δὲ
757 1349 897 1412 κᾶκεῖνοι
922 1352 1001 1431 πρός
1023 1355 1056 1414 τό
1081 1351 1262 1430 θαυμάζειν
1284 1350 1494 1431 ἀρκέσουσιν·
1517 1355 1565 1433 εἴη
1588 1349 1625 1412 δὲ
1645 1349 1772 1428 μᾶλλον

70 1544 73 1549 4
182 1455 285 1517 εἰπεῖν
307 1454 354 1516 ότι
377 1453 470 1526 αὐτὸς
492 1455 652 1534 έξαρκέσω
675 1457 718 1535 τῷ
740 1453 949 1537 ἐγχειρήματι,
973 1457 1053 1534 πρός
1076 1455 1189 1528 αύτούς
1210 1455 1401 1535 τρεπόμενος
1423 1452 1483 1534 η’δη
1506 1462 1560 1514 καί
1579 1457 1635 1535 την
1655 1452 1774 1515 τούτων

182 1559 277 1637 χάριν
313 1562 367 1619 καί
396 1557 534 1637 δύναμιν
571 1556 708 1639 ὑμνῆσαι
746 1561 975 1641 προῃρημένος.
1029 1557 1223 1640 16διαφοράς
1254 1561 1313 1638 μὲν
1342 1553 1399 1621 οῦν
1429 1559 1552 1630 τάξεων
1581 1562 1634 1618 καὶ
1666 1561 1773 1618 τόπων

183 1660 401 1744 ἄφορισμούς,
431 1664 651 1746 προσηγοριῶν
676 1684 708 1721 ιε
738 1660 889 1738 δυνάμεις
919 1666 973 1722 καί
1006 1661 1097 1735 ίδέας
1119 1662 1330 1742 λειτουργιῶν,
1361 1661 1405 1722 εἰι
1428 1659 1464 1721 δέ
1486 1661 1638 1738 βαθμούς
1665 1683 1697 1721 τε
1720 1665 1774 1720 καί

183 1768 282 1847 μέτρα
305 1771 469 1846 φωτισμοῦ
493 1771 546 1827 καὶ
566 1766 720 1841 γνιόσεως,
743 1768 797 1824 καί
819 1763 986 1844 σχημάτων
1008 1764 1225 1836 ῦποτυπιύσεις
1248 1769 1301 1826 καὶ
1321 1767 1449 1846 μορφῆς
1473 1764 1619 1842 σύμβολα
1641 1766 1662 1846 ἢ
1685 1766 1775 1837 σκιᾶς

185 1873 204 1950 ἢ
226 1868 408 1947 ἰνδάλματα
431 1872 452 1951 ἢ
472 1867 529 1932 οὐκ
551 1869 612 1930 οἷδ’
636 1867 695 1942 δ,τι
718 1878 901 1946 προσειπεῖν
923 1869 1121 1948 οἰκειότερον,
1144 1871 1201 1941 τάς
1222 1891 1253 1930 τε
1271 1871 1351 1950 πρός
1365 1864 1524 1949 ἄλληλους
1539 1871 1657 1948 σχέσεις
1671 1866 1774 1933 αὐτῶν

186 1976 240 2033 καί
262 1971 370 2034 δπόσα
391 1995 426 2048 γε
449 1973 536 2034 ἄλλα
558 1982 623 2037 τοῖς
644 1970 820 2046 ἄγγελικοῖς
843 1971 1031 2048 διακόσμυις
1052 1982 1347 2054 προσμαρτυρεῖται,
1371 1971 1574 2045 διεξιέτωσαν
1595 1974 1703 2051 ἕτεροι,
1727 1970 1773 2046 οίς

186 2074 281 2156 σχολὴ
306 2080 359 2136 καί
382 2077 505 2156 σπουδη
528 2076 566 2138 τᾶ
589 2075 754 2157 τηλικαῦτα
778 2074 989 2157 φιλοσοφεῖν·
1012 2078 1046 2137 τό
1070 2076 1100 2137 δ’
1121 2073 1271 2158 ἡμέτερον
1292 2071 1369 2149 οίον,
1393 2073 1495 2148 λέγειν
1516 2076 1576 2158 ἤδη
1599 2073 1720 2156 καιρός.

277 2180 430 2253 Πτούτοις
452 2180 600 2258 ύπαρξις,
623 2179 760 2258 άχρονος
780 2181 857 2256 μέν,
892 2177 947 2242 οὐκ
970 2180 1110 2259 ἄναρχος
1133 2178 1186 2241 δέ·
1223 2178 1334 2258 χρόνος
1356 2176 1417 2258 γάρ
1447 2180 1555 2265 κόσμῳ
1586 2181 1774 2260 σύνδρομος,

189 2286 251 2364 πρό
277 2284 312 2347 δὲ
335 2285 457 2362 κόσμου
478 2288 515 2346 τό
540 2283 750 2362 ῦπερκόσμια·
780 2281 873 2363 ταύιη
903 2304 950 2344 τοι
980 2287 1034 2343 καί
1062 2287 1124 2344 τᾶν
1154 2284 1278 2362 ἄστρων
1306 2283 1377 2362 ἄρτι
1408 2286 1654 2365 παραγομένων,
1688 2282 1773 2357 σίςό

188 2389 301 2468 χρόνος
321 2391 508 2468 μετρεῖσθαι
530 2390 619 2466 παρὰ
642 2389 696 2449 τοῦ
719 2385 999 2464 δημιουργοῦντες*
1020 2384 1167 2459 ἐτάττετο,
1191 2383 1281 2450 αὐτοὶ
1305 2389 1386 2448 θεόν
1400 2387 1519 2474 ᾔνεσαν
1528 2385 1651 2474 μεγάλη
1668 2393 1772 2472 φωνῇ,

190 2493 194 2573 ί
219 2490 262 2564 ὥς
284 2491 301 2573 ἢ
326 2493 423 2555 θεοῦ*
445 2494 619 2571 μαρτυρία,
651 2494 737 2553 τοῦτο
761 2493 829 2567 μέν,
864 2485 908 2560 ὡς
929 2487 1031 2564 είκός,
1060 2492 1113 2572 τῆς
1134 2489 1365 2569 μεγαλουργίας
1386 2495 1441 2554 τοῦ
1464 2494 1629 2570 κτίσματος
1698 2494 1774 2557 118²

188 2600 243 2657 τόν
264 2599 384 2678 κτίστην
406 2594 652 2676 ὑπεραγάμενοι,
675 2593 757 2671 τάχα
781 2592 893 2672 δὲκαὶ
915 2590 1016 2654 πλέον
1038 2592 1188 2675 ἡσθέντες
1210 2597 1254 2675 τῷ
1276 2593 1527 2675 δημιουργηματι
1542 2599 1639 2677 τούτῳ
1662 2595 1717 2656 διᾶ
1740 2595 1774 2657 τό

191 2704 334 2775 συγγενὲς
353 2703 407 2781 τῆς
430 2698 657 2782 λαμπρότητος.
712 2695 832 2757 18ἄλλά
854 2699 918 2776 μην
941 2695 1011 2758 τόδ’
1035 2695 1076 2760 αὖ
1099 2696 1201 2759 πόλιν
1223 2695 1281 2758 ἄπ’
1304 2696 1404 2780 α’ρχῆς
1424 2693 1506 2779 ἦσαν
1528 2698 1674 2773 ἄγγελοι,
1707 2698 1776 2759 ἐπεὶ

190 2802 265 2883 μήδ’
289 2802 449 2884 άγένητοι·
473 2801 573 2881 μόνος
594 2804 655 2882 γᾶρ
678 2801 778 2881 ἄμφω
801 2804 897 2863 ταῦτα
922 2801 1010 2873 θεός,
1034 2802 1175 2882 ἄναρχός
1195 2823 1226 2861 τε
1249 2803 1295 2862 τόν
1316 2806 1370 2862 καί
1392 2798 1556 2884 ἄγένητος·
1591 2798 1623 2865 οἳ
1652 2802 1688 2863 δὲ
1723 2808 1776 2865 καὶ

190 2908 353 2984 γεγόνασι,
383 2911 437 2967 καὶ
465 2910 584 2981 γένεσις
605 2912 724 2978 τούτοις
753 2906 814 2984 πρό
843 2907 896 2985 τῆς
924 2908 987 2965 τιῦν
1010 2904 1095 2966 ὅλων
1115 2908 1282 2978 γενέσεως,
1314 2904 1397 2966 ὅθεν
1427 2902 1494 2967 οὐδ’
1525 2903 1680 2979 έπίζευξίν
1709 2928 1778 2979 πως

190 3011 335 3076 ἐνταῦθα
359 3011 438 3091 πρὸς
459 3012 514 3091 την
535 3008 647 3090 ἑαυτῆς
669 3010 730 3087 ἔχει
752 3003 893 3084 σύζυγον,
926 3007 1049 3089 δηλαδὴ
1078 3013 1132 3090 τὴν
1163 3011 1308 3088 φθοράν,
1342 3006 1414 3068 ἄλλ’
1442 3007 1522 3070 εἰσίν
1551 3008 1607 3071 ολκ
1639 3009 1777 3090 ἄναρχοι

190 3119 260 3194 μέν,
291 3116 460 3195 ἄφθαρτοι
484 3113 535 3189 δέ,
566 3117 619 3174 καὶ
648 3115 711 3174 τιῦν
740 3114 886 3190 περάτων
915 3111 1042 3194 ἄμφοῖν
1071 3113 1183 3197 (ἀρχῆς
1204 3136 1235 3174 τε
1257 3110 1338 3187 λέγω
1361 3116 1414 3172 καί
1436 3110 1558 3189 τέλους,
1587 3111 1633 3187 οίς
1654 3115 1688 3177 τό
1712 3115 1776 3177 ὑπό

189 3222 312 3296 γένεσιν
334 3219 426 3281 ἄπαν
446 3215 716 3300 έμπεριείληπται)
750 3219 784 3279 τό
806 3221 865 3296 μὲν
884 3215 922 3279 οὐ
947 3216 1111 3296 διέφυγον,
1133 3221 1187 3279 τοῦ
1209 3215 1245 3278 δὲ
1267 3215 1379 3294 πόρρω
1400 3216 1531 3292 μένουσι
1553 3222 1606 3278 καὶ
1629 3224 1779 3295 μενοῦσιν

192 3324 265 3404 ἄχρι
288 3323 415 3395 παντός.
465 3319 672 3383 ιίᾶθανάτου
695 3319 791 3403 δόξης
814 3320 977 3382 άθάνατοι
991 3319 1105 3400 μύσται
1127 3328 1180 3380 καί
1196 3323 1330 3401 θεωροί·
1354 3320 1555 3403 παραστάται
1577 3327 1631 3384 τοῦ
1653 3325 1777 3404 θρόνου

191 3431 244 3510 τῆς
264 3424 447 3508 ὑπερφυοῦς
468 3426 628 3500 ἐξουσίας·
665 3422 793 3506 ῦψηλοῦ
814 3424 969 3504 βασιλέως
996 3422 1119 3507 ὑψηλοί
1149 3424 1342 3507 δορυφόροι·
1374 3424 1565 3506 ἄκραιφνεῖς
1593 3423 1664 3487 όλοι
1695 3424 1776 3503 νόες,

193 3528 469 3612 ἄκραιφνεστάτου
492 3531 549 3593 νοῦ
573 3528 761 3607 λειτουργοί·
792 3530 886 3608 χορός
913 3529 1125 3609 ἐπουράνιος·
1156 3531 1284 3608 στρατός
1312 3528 1537 3610 ῦπερκόσμιος·
1571 3529 1778 3611 πρωτοτόκων

192 3634 356 3717 ἐκκλησία·
389 3632 600 3714 ἑορταζόντων
623 3630 816 3713 πανήγυρις·
840 3632 939 3712 δῆμος
962 3632 1065 3708 ἄγιος·
1097 3631 1180 3704 ζῶσα
1205 3632 1209 3717 ί
1233 3629 1327 3705 πόλις
1350 3637 1446 3698 θεοῦ·
1470 3635 1634 3712 συναγωγὴ
1702 3636 1779 3699 119¹

196 3744 301 3803 θεῶν*
319 3777 353 3788 -
378 3742 412 3800 τδ
434 3736 767 3817 μεγαλοπρεπέστερον
785 3776 830 3811 -,
854 3732 889 3818 ἧς
902 3736 938 3797 έν
950 3741 1036 3818 μέσῳ
1050 3740 1112 3797 τᾶν
1125 3742 1212 3797 θεῶν
1224 3734 1241 3797 δ
1254 3738 1333 3809 θεός
1346 3739 1453 3819 ἕστηκέ
1465 3760 1496 3798 τε
1510 3741 1563 3797 καὶ
1579 3739 1720 3818 κάθηται
1739 3774 1778 3787 -

193 3850 247 3907 καί
271 3842 337 3907 οὐδ’
353 3847 459 3923 έιερον
479 3838 594 3904 τούτων
616 3838 710 3926 (ὑπὲρ
726 3846 794 3902 πᾶν
807 3841 868 3920 γάρ
884 3845 987 3922 σχῆμα
1002 3843 1035 3902 τό
1052 3839 1169 3926 θεῖον),
1192 3838 1320 3912 πάντως
1334 3841 1370 3902 δὲ
1380 3843 1477 3917 μέσος
1489 3843 1621 3920 πάρεστι
1638 3880 1683 3915 -,
1705 3841 1780 3905 δια-

193 3952 309 4030 κρίνων
331 3945 462 4022 αὐτούς,
496 3949 550 4006 καί
571 3943 707 4024 διαιρῶν
728 3944 849 4028 ἑκάστῳ
872 3946 909 4006 τά
934 3944 1122 4025 πρόσφορα,
1155 3941 1326 4024 έπειδηπερ
1348 3943 1505 4020 κᾶκείνοις
1526 3947 1562 4009 έν
1584 3951 1721 4031 σταθμῷ
1742 3952 1779 4010 τᾶ

193 4053 400 4132 χαρίσματα*.
448 4049 574 4115 ὀοόσία
600 4089 633 4099 -
660 4052 722 4111 τῶν
746 4048 854 4109 ἄλλων
877 4047 894 4128 ἦ
920 4050 1122 4130 πρώτημετὰ
1146 4049 1201 4127 τὴν
1223 4048 1360 4131 πρωτην,
1383 4048 1511 4128 μᾶλλον
1535 4050 1571 4113 δὲ
1594 4058 1650 4113 καί
1672 4052 1779 4136 πρώτη

193 4159 324 4235 κυρίως·
346 4152 425 4234 ὑπὲρ
448 4154 561 4218 οὐσίαν
582 4157 642 4233 γάρ
665 4155 698 4215 τδ
722 4152 881 4215 ἐπέκεινα.
913 4152 997 4224 είόος
1019 4189 1060 4198 -
1090 4151 1199 4223 ὄψεως
1228 4160 1382 4228 κρεῖσσον,
1411 4160 1531 4216 θᾶττον
1562 4153 1704 4237 πλῆσσον
1725 4152 1780 4238 την

194 4261 348 4342 αἴσθησιν
369 4259 390 4339 η’
412 4256 516 4336 λαβὴν
538 4255 711 4334 άναμένον.
734 4254 877 4335 άριθμδς
900 4292 939 4302 -
963 4255 1043 4334 ὑπὲρ
1066 4253 1229 4336 ἄριθμόν·
1252 4255 1368 4334 χίλιαι*
1390 4255 1532 4335 χιλιάδες
1553 4256 1782 4338 λειτουργοῦσιν

194 4360 280 4445 αότηό
312 4365 366 4422 καὶ
393 4361 503 4441 μύριαι
532 4359 685 4439 μυριάδες
713 4357 945 4442 παρεστήκασιν
972 4357 1067 4442 αὐτῷ.
1094 4361 1151 4420 ένα
1181 4358 1299 4431 πάντες
1329 4366 1451 4423 σκοπόν
1477 4361 1511 4423 τό
1542 4362 1635 4422 θεῖον
1659 4361 1781 4438 ἔχοντες

194 4464 351 4546 βούλημα,
373 4468 409 4527 έν
432 4462 563 4546 θέλημα
586 4461 713 4540 πάντες,
735 4467 769 4526 τό
793 4464 873 4543 πρός
895 4465 929 4525 τό
947 4464 1086 4545 θέλημα,
1108 4466 1189 4541 μίαν
1202 4464 1316 4539 νεῦσιν,
1338 4465 1485 4546 τὴνπρός
1499 4470 1532 4525 τό
1550 4469 1659 4541 νεῦμα.
1682 4461 1786 4529 διπλοῖ

194 4571 249 4649 τήν
278 4565 395 4649 φύσιν,
429 4572 539 4649 πτηνοὶ
568 4571 601 4628 τό
629 4558 741 4645 τάχος,
777 4571 959 4645 θαυμαστοὶ
981 4566 1037 4648 την
1058 4565 1272 4649 λαμπρότητα.
1304 4564 1394 4629 αότοί
1414 4589 1446 4629 τε
1466 4566 1638 4647 μυούμενοι
1663 4574 1783 4647 πρῶτοι

195 4672 232 4734 ιδ
255 4675 308 4753 τη”ς
331 4674 426 4744 θείας
447 4670 574 4752 βουλῆς,
598 4675 652 4732 καὶ
673 4681 738 4744 τοῖς
758 4670 870 4742 ἄλλοις
892 4667 1095 4745 ἄγγέλλοντες
1118 4675 1174 4734 σὺν
1196 4673 1298 4752 καιρῷ
1320 4693 1352 4733 τε
1374 4674 1427 4732 καὶ
1450 4670 1545 4756 λόγῳ,
1568 4670 1648 4751 πρός
1669 4674 1703 4734 τό
1725 4679 1783 4753 μέ-

269 4837 297 4886 ¹3
317 4824 463 4887 οημιίωσαι
482 4834 533 4886 ρετ
545 4815 702 4885 scripturae
714 4816 911 4886 compendium
931 4816 1101 4869 Studemund
1116 4817 1121 4881 Ι
1139 4836 1169 4881 14
1186 4833 1280 4884 γνωμη
1293 4813 1335 4868 (2¹¹³
1352 4816 1357 4880 ί
1374 4832 1402 4880 ¹7
1419 4813 1479 4868 Gen
1493 4830 1515 4880 ι,
1529 4812 1578 4885 τςΙ
1595 4834 1623 4882 17
1642 4815 1693 4871 Iob
1704 4818 1782 4888 3⁸·7l

199 4908 228 4956 ις
246 4888 412 4944 Ρεείττττιιιι
430 4898 435 4955 Ι
453 4907 482 4956 19
501 4888 557 4957 Sap
578 4907 616 4951 11,
637 4908 665 4941 21
683 4891 688 4949 Ι
704 4907 735 4941 το
754 4889 814 4942 Dan
833 4907 857 4953 7,
878 4907 907 4940 10

1422 4998 1465 5060 13
