4560 6172
514 506 558 574 48

598 680 643 749 τίς
663 675 693 737 δ’
716 670 758 738 αὖ
777 677 900 756 ματαία
922 670 1006 749 δόξα
1028 677 1082 735 καί
1103 673 1321 759 ψευδεστάτη·

595 781 676 862 πρδς
697 776 753 844 οὖν
774 778 895 862 έκείνρν
916 775 1023 840 πάντα
1045 780 1213 841 ουνεείνων
1233 779 1355 856 πόθον,

597 881 706 966 ἥκιστα
727 887 827 963 χαίρω
848 881 922 972 τῇδε
942 885 978 969 τῇ
1001 880 1213 967 ψευδωνόμφ.

599 986 709 1049 δίκαια
732 995 851 1049 ποιῶν·
871 989 917 1059 τίς
936 988 998 1065 γάρ
1019 984 1155 1049 εῑδάλου
1177 985 1280 1064 λόγος,

535 1090 577 1157 95
597 1089 672 1165 έξδν
694 1093 774 1169 πρὸς
795 1088 892 1173 αὐτὴν
912 1092 968 1171 τήν
989 1085 1151 1171 άλήθειαυ
1171 1088 1318 1169 βλέπεινς

598 1196 677 1256 καθ’
700 1196 739 1278 ἣν
759 1195 820 1273 έγῶ
841 1198 987 1275 μέγιστον
1007 1191 1155 1278 εὑροίμην
1177 1196 1278 1271 κλέος,

598 1297 735 1372 αίωνίως
755 1302 871 1380 τέρπον
891 1321 929 1378 με
952 1302 1006 1359 καί
1027 1297 1258 1380 πλφρεστάτοις·

597 1405 632 1464 τό
654 1406 712 1464 νῦν
734 1402 769 1464 δὲ
790 1402 905 1484 μικρδν
925 1405 1013 1466 τοῦτο
1035 1408 1089 1462 καὶ
1110 1404 1191 1485 πρδς
1211 1401 1334 1487 ἡμέραν

597 1509 667 1579 τεός
687 1503 730 1580 ῶς
750 1509 833 1586 μέγα
854 1508 1037 1587 στέργοντας
1059 1505 1133 1571 αὐτὸ
1156 1506 1302 1584 παιζέτω,

514 1609 577 1676 100
599 1608 676 1695 Ιέως
697 1608 849 1672 άποπτάν
869 1609 994 1684 πάντας
1016 1608 1147 1689 α’θρόον
1169 1611 1274 1694 φύγοι,

599 1717 788 1784 πεισθέντας
810 1714 876 1796 ὀψε
897 1716 995 1778 ταῦτα
1018 1712 1182 1788 κάκείνοος
1203 1714 1316 1791 λέγειν.

599 1815 686 1896 Εὖγε.
710 1821 891 1900 κρατοῦμεν.
912 1815 1012 1882 οἰκέει
1033 1820 1188 1899 τρικυμία.

598 1921 791 2005 έξημέρωται
812 1923 927 1995 πόντος
948 1919 1151 2004 ρ’γριωμίνος,

600 2025 634 2101 έξ
657 2024 765 2107 οῶρίας
786 2022 804 2089 δ
828 2025 926 2099 πλοῦς
947 2049 978 2088 τε
1000 2027 1044 2112 τῶ
1065 2023 1181 2108 σκάφει
1203 2024 1313 2089 πάλιν.

515 2131 578 2198 106
600 2131 728 2212 θάρρει,
750 2130 898 2211 λογισμέ·
919 2131 975 2194 σὺν
997 2132 1067 2214 θεῷ
1089 2131 1150 2212 γάρ
1171 2129 1327 2210 έμπλέεις,

598 2235 672 2314 παρ’
693 2229 730 2299 οὗ
747 2234 781 2297 εδ
804 2237 898 2296 νικᾶν
918 2232 954 2294 έν
977 2232 1071 2316 ζάλης
1093 2243 1216 2316 καιροῖς
1238 2235 1326 2312 ἔχεις.

514 2445 586 2514 98.
610 2440 798 2527 Παλινῳδία
820 2445 900 2523 πρδς
921 2447 1031 2516 ταῦτα,
1053 2443 1130 2521 μετά
1153 2443 1208 2524 τήν
1229 2448 1434 2523 χειροτονίαν.

557 2551 574 2612 1
599 2544 662 2611 Οὔκ
685 2547 767 2608 ἔστιν
789 2544 864 2628 ἡμῖν
886 2542 1016 2628 άτρεκῆς
1038 2540 1127 2618 οὗτος
1149 2544 1246 2623 λόγος
1896 2577 1908 2612 ι
1938 2560 2042 2615 alludit
2066 2561 2102 2616 gd

600 2651 780 2736 (ποιφεικῶς
800 2651 862 2728 γάρ
884 2648 1022 2728 λάζομαι
1043 2650 1152 2729 μόθον
1173 2647 1288 2734 πάλιν)
1896 2701 1903 2712 .
1924 2631 2077 2687 smmi

599 2752 665 2818 οὐδ’
687 2753 883 2835 ἐμπεδοῦμεν
903 2755 941 2815 τά
964 2757 1026 2835 πρὸ
1048 2753 1102 2817 τοῦ
1122 2751 1309 2833 δεδογμένα,
1894 2701 1991 2844 1Εέξέ
1993 2703 2102 2830 ῗςᾱςςῗί

599 2857 668 2921 ἐπεὶ
687 2862 810 2941 βροτοῖς
831 2861 896 2931 πᾶς
916 2855 1137 2940 εὐμετάβλιγιος
1158 2857 1263 2935 λόγος.
1519 2886 1521 2890 ’
1897 2861 1963 2949 Βθᾞ
1994 2847 2105 2934 ξίῑῑθᾱῐ

556 2965 578 3030 5
599 2962 662 3047 δρῶ
684 2963 720 3025 δέ
741 2962 866 3044 μάλλον
888 2960 931 3036 ῶς
951 2960 969 3026 ό
989 2964 1050 3042 μὲν
1071 2960 1166 3036 λόγος
1185 2963 1283 3042 μένει,
1896 2917 2106 3058 ἔξμέυἱοῑῖ

601 3064 618 3151 ἢ
642 3057 836 3150 πραγμάτων
858 3066 952 3150 φύσις
974 3065 1009 3128 δὲ
1031 3067 1086 3148 τὴν
1106 3067 1226 3149 τροπὴν
1247 3066 1319 3145 ἔχει.
1898 3050 1973 3120 οὗτοι

600 3173 777 3253 ἅνθρωπος
798 3170 853 3245 ῶν,
877 3169 1043 3250 ἄνθρωπε,
1065 3168 1165 3252 μηδὲν
1187 3173 1251 3259 φῇς
1272 3173 1387 3248 μέγα,

598 3272 648 3351 ,οὗ
669 3277 818 3355 πείσομαι
838 3273 900 3356 γάρ
921 3276 1022 3337 τοῦτο’
1042 3271 1136 3355 λῆρος
1158 3275 1333 3354 κομπάσαι,

598 3381 657 3452 έως
678 3401 722 3451 τις
743 3377 859 3459 έμπνεί
877 3383 931 3438 καὶ
952 3380 1007 3439 τόν
1029 3376 1119 3459 ἥλιον
1139 3377 1259 3456 βλέπει.

537 3485 578 3549 10
598 3482 718 3564 μόρους
740 3482 775 3544 δὲ
797 3486 913 3544 τούτων
936 3480 1029 3554 αὐτὸς
1051 3477 1138 3555 οὗτος
1160 3479 1177 3543 ό
1200 3483 1345 3564 γράφων,

599 3585 732 3663 παθῶν,
753 3583 876 3667 μαθῶν
896 3609 927 3647 τε
949 3592 1002 3646 καὶ
1024 3585 1228 3662 παλιλλογῶν
1248 3586 1334 3662 τάδε,

597 3690 633 3765 ὃς
654 3694 733 3770 χθὲς
753 3693 813 3771 μὲν
833 3688 919 3751 ἄλλα
942 3695 994 3752 καὶ
1017 3694 1148 3773 φρονῶν
1171 3687 1209 3773 ἦν
1231 3695 1283 3751 καὶ
1305 3693 1451 3773 γράφων,

603 3796 683 3877 ὄναρ
708 3798 844 3876 θεωρῶν
866 3791 925 3879 (ῶς
946 3778 1072 3871 ἔοικεν),
1095 3793 1151 3873 οδχ
1171 3794 1266 3876 ε’παρ.
1301 3852 1304 3864 ,

599 3902 655 3983 τήν
676 3903 767 3979 μέχρι
790 3900 907 3971 παντδς
929 3898 1083 3980 έκτροπὴν
1105 3904 1166 3961 τῶν
1189 3903 1393 3980 πραγμάτων,

538 4003 578 4069 15
600 4008 653 4066 καί
674 4005 727 4085 τὴν
749 4003 916 4083 παροῦσαν
935 3999 970 4066 εὖ
992 4005 1198 4064 καθεστῶσαν
1219 4003 1356 4083 βλέπων,

601 4110 657 4190 τιὶν
679 4108 791 4187 αὔριον
812 4107 945 4186 μάταιος
968 4103 1023 4171 οὐκ
1045 4106 1224 4183 ἐπεσκόπει,

601 4213 716 4300 Ῑμέσην
736 4234 766 4272 τε
788 4212 843 4293 τὴν
868 4210 1042 4272 θάλασσαν
1063 4211 1155 4273 εἰσέτι
1178 4211 1294 4286 πλέων,
1533 4217 1590 4280 40¹

601 4315 643 4390 ῶς
666 4315 752 4389 έντδς
773 4314 881 4396 ὅρμων
902 4315 1098 4396 ἐθρασύνετο
1121 4317 1267 4397 φθάσας.

600 4423 739 4484 τοιοῦτον
760 4417 780 4501 ἤ
802 4418 988 4496 βλάπτουσα
1011 4425 1065 4480 τὸν
1087 4422 1162 4481 νοῶν
1184 4420 1339 4503 κουφότης

539 4527 582 4593 20
604 4527 711 4587 πείθει
733 4521 868 4604 νομίζειν
890 4519 932 4596 ῶς
954 4521 1065 4585 ἑαυτοῦ
1087 4545 1130 4595 τις
1152 4522 1266 4606 κράτει,

602 4635 655 4692 καὶ
673 4630 728 4692 τδν
748 4631 819 4706 βίον
840 4630 967 4710 τίθησιν
989 4625 1033 4700 ῶς
1055 4624 1139 4712 αὐτῷ
1161 4626 1267 4709 φίλον,

600 4738 654 4797 τὸν
675 4733 782 4796 πάντα
804 4732 840 4794 δὲ
862 4734 1036 4814 πρόφαντα
1058 4731 1240 4814 πανσόφοις
1262 4729 1366 4808 λόγοις

603 4842 656 4901 καὶ
678 4839 802 4911 πάντας
826 4833 1002 4901 εόθύνοντα
1024 4836 1104 4918 πρδς
1125 4839 1158 4898 τδ
1182 4838 1344 4918 συμφέρον
