4560 6172
343 535 406 600 206
1850 539 1936 606 188

344 707 396 764 καλ
417 707 556 783 μετέχειν
578 705 630 784 τής
652 701 806 778 εύποιίας,
830 703 908 787 αῦτη
930 703 1019 784 παρά
1044 701 1176 765 πάντων
1198 704 1308 766 δικαία
1331 704 1387 777 τάς
1408 704 1548 783 άμοιβάς
1568 703 1815 785 ἀποφέρεσθαι,
1850 710 1937 787 εῖπερ

342 805 512 884 μέλλοιμεν
534 806 698 886 εὔγνωμον
721 817 825 868 ποιεῖν
846 829 874 868 ιι
897 811 950 867 καί
972 806 1109 869 δίκαιον.

432 910 628 992 12Τοιαύτην
653 909 809 988 Εὐσεβίαν
831 908 906 992 ήμῖν
928 907 985 990 τήν
1005 908 1227 991 εόσεβεστάιην
1249 912 1291 989 τῷ
1315 911 1382 973 όντι
1411 916 1465 972 καί
1492 910 1683 992 σεμνοτάτην
1705 909 1722 992 ή
1746 913 1814 972 κατ’
1836 909 1937 992 αδτήν

344 1013 530 1093 παρέδωκεν
552 1012 690 1094 ῦστορία·
725 1016 823 1075 ταῦτα
853 1013 891 1073 τό
922 1016 985 1074 τῶν
1013 1012 1123 1075 ἄλλων
1151 1013 1295 1091 ἐξαίρετα
1325 1016 1387 1074 τῶν
1416 1014 1466 1074 ἐπ’
1487 1010 1568 1099 αύτή
1590 1016 1817 1092 γεγραμμένων
1840 1016 1860 1096 ή
1882 1019 1937 1075 καί

342 1116 521 1195 λεγομένοιν
549 1113 656 1186 άλλως
684 1114 954 1196 πλεονεκτήματα,
984 1119 1085 1177 καίτοι
1114 1138 1148 1189 γε
1170 1113 1326 1176 κάκείνων
1348 1112 1443 1178 οδδέν
1471 1116 1533 1178 έστι
1562 1116 1677 1198 μικρὸν
1705 1115 1776 1178 οῦδ
1797 1113 1935 1179 εῦκατα·

344 1219 521 1300 φρόνητον,
553 1216 737 1280 τούναντίον
760 1217 943 1296 δὲμᾶλλον
973 1216 1247 1300 ἀξιομνημόνευτα
1270 1216 1376 1279 πάνια
1407 1221 1461 1278 καί
1482 1215 1541 1296 οδχ
1564 1213 1652 1298 ήττον
1673 1217 1936 1299 άξιοθαύμαστα,

343 1319 410 1383 ολον
431 1358 474 1367 -
495 1322 530 1382 έκ
554 1319 685 1382 πολλῶν
706 1320 769 1399 γάρ
792 1316 884 1394 όλίγα
909 1317 1005 1394 λόγου
1034 1325 1131 1400 χάριν
1160 1323 1362 1399 προσκείσθω
1385 1358 1428 1366 -
1457 1322 1490 1382 τό
1522 1320 1728 1401 φιλόπτωχον
1757 1319 1852 1404 αύτής
1879 1328 1935 1383 καὶ

343 1423 525 1504 φιλόξενον,
557 1422 703 1484 πλεῖστον
725 1421 802 1483 ὅσον
822 1420 970 1501 ἑκάτερον
992 1423 1047 1503 τήν
1069 1427 1178 1502 χρείαν
1201 1421 1405 1503 ὑπερβάλλον
1433 1426 1495 1485 τῶν
1515 1426 1708 1502 μετεχόντων
1737 1428 1779 1508 τηῦ
1806 1446 1839 1486 τε
1868 1424 1932 1485 δα-

344 1526 436 1598 ψιλεῖ
455 1530 508 1606 τής
530 1523 633 1603 χειρός
655 1530 708 1585 καί
730 1529 773 1607 τῶ
796 1525 1019 1607 δαψιλεστέρῳ
1043 1530 1094 1607 τής
1116 1528 1340 1606 προαιρέσεως,
1363 1530 1396 1588 τό
1420 1526 1456 1588 έν
1477 1529 1631 1607 νηστείαις
1652 1524 1752 1600 αὖθις
1774 1532 1828 1588 καί
1851 1549 1932 1606 προ-

343 1638 468 1706 σευχαῖς
490 1629 674 1707 καρτερικὸν
695 1633 749 1688 καί
771 1629 961 1706 φιλόπονον,
984 1628 1039 1708 τήν
1061 1629 1096 1689 έν
1118 1631 1216 1699 οἴκοις
1238 1627 1333 1708 ἱεροῖς
1355 1630 1575 1708 προσεδρίανῖ
1608 1629 1625 1709 ἢ
1647 1632 1725 1691 κατά
1749 1630 1804 1711 τήν
1826 1629 1932 1691 πάλαι

343 1723 501 1813 προφῆτιν
514 1730 644 1791 Ἅνναν*
667 1735 721 1790 καὶ
743 1731 898 1812 σαόφρονα
921 1728 976 1793 ούκ
999 1727 1154 1813 α’φίστατο
1176 1729 1272 1793 νύκτα
1296 1737 1349 1790 καὶ
1372 1730 1494 1812 ήμέρον
1516 1736 1568 1813 τής
1589 1731 1688 1793 έκιῖσε
1710 1732 1857 1812 λατρείας
1879 1738 1933 1793 καί

343 1834 554 1919 λειήτουργίας,
578 1835 722 1914 φέρουσά
745 1855 772 1894 τι
795 1839 848 1894 καὶ
871 1832 970 1894 πλέον
992 1831 1073 1913 ῦπὲρ
1094 1833 1225 1914 έκείνην,
1249 1833 1282 1895 τό
1299 1842 1518 1914 καρποφορεῖν
1541 1836 1594 1893 καὶ
1613 1835 1786 1915 προσάγειν
1852 1835 1932 1899 298ι

343 1936 404 1997 δσα
426 1936 508 2014 εῖχεν
530 1933 548 2016 ή
571 1937 683 2014 χείρ-
697 1934 759 2014 ελχε
782 1935 817 1996 δὲ
840 1933 925 1998 ύσοιν
947 1934 1062 2021 ἔχρῃζε,
1086 1933 1293 2013 πανταχόθεν
1311 1934 1481 2016 ἀφθόνως,
1506 1935 1540 1996 έκ
1563 1939 1615 2016 τής
1635 1939 1739 2016 χειρός
1760 1941 1811 2017 τής
1835 1940 1930 2002 θείατ

340 2039 555 2121 χορηγουμένη
567 2073 620 2114 -,
643 2041 676 2100 τὸ
692 2040 806 2099 πασῶν
821 2041 883 2099 τῶν
898 2039 965 2098 κατ’
981 2035 1078 2118 αὐτήν
1089 2036 1279 2117 άσυγκρίτως
1294 2041 1314 2120 η’
1329 2042 1381 2099 καί
1397 2038 1460 2118 πρὸ
1477 2037 1571 2119 αύτής
1585 2045 1746 2113 γυναικῶν
1761 2039 1932 2115 διενεγκεῖν

342 2141 454 2222 ἁγνείᾳ
484 2147 538 2204 καὶ
566 2141 781 2222 καθαρότητι,
810 2144 867 2222 τήν
895 2141 1069 2222 σύμφωνον
1097 2141 1208 2223 φήμην
1236 2143 1325 2220 παρά
1356 2142 1486 2202 πάντων
1515 2147 1568 2202 καί
1595 2147 1772 2222 μαρτυρίαν
1799 2143 1846 2205 δτι
1870 2141 1929 2225 όλη

343 2246 442 2328 καλή*
472 2251 526 2307 καὶ
554 2247 672 2316 παντὸς
699 2247 812 2323 μῶμου
835 2246 979 2325 κρείττων
1001 2244 1019 2326 η“
1042 2247 1203 2325 μακαρία,
1236 2245 1322 2305 τότε
1345 2248 1436 2323 σῶμα
1460 2250 1514 2306 καί
1535 2246 1590 2327 τήν
1613 2245 1734 2326 ψυχήν,
1766 2244 1824 2328 όλη
1846 2246 1928 2326 καλή

340 2351 379 2410 τά
402 2347 509 2411 πάντα
532 2352 586 2408 καὶ
607 2351 669 2409 τῶν
691 2345 860 2428 άκηράτων
887 2344 1071 2428 νυμφῶνων
1098 2351 1152 2411 τοῦ
1179 2350 1241 2408 τῶν
1270 2349 1386 2428 ψυχῶν
1414 2346 1492 2424 α’ξία
1514 2351 1666 2429 νυμφίου.
1755 2347 1871 2430 18πρός
1893 2350 1932 2411 ὃν

343 2451 464 2534 πλήρης
488 2452 617 2522 πίστεως
639 2451 705 2534 (δεῖ
723 2453 785 2531 γάρ
809 2461 969 2529 ουντεμεῖν
991 2450 1024 2512 τὸ
1048 2450 1208 2524 ἐντεῦθεν,
1231 2446 1334 2511 τάλλα
1356 2453 1465 2512 πάντα
1487 2451 1661 2536 παρέντα),
1685 2450 1805 2533 πλήρης
1828 2451 1930 2530 ἔργων

343 2555 555 2636 δικαιοσύνης,
578 2554 621 2615 ἔτι
644 2552 680 2614 δέ
703 2551 825 2634 πλήρης
846 2552 972 2636 ήμερῶν
993 2555 1058 2616 τῶν
1079 2559 1133 2615 τοῦ
1157 2553 1339 2631 πνεύματος
1360 2559 1414 2614 καὶ
1435 2559 1542 2632 μέντοι
1555 2560 1611 2615 καὶ
1626 2558 1688 2616 τῶν
1703 2560 1757 2617 τοῦ
1773 2556 1929 2633 σῶματος,

341 2662 418 2740 μετά
441 2656 590 2737 μεγάλων
610 2654 752 2719 ἐλπίδων
784 2659 836 2716 καί
859 2654 1017 2735 λαμπρῶν
1039 2655 1185 2738 έκδημεῖ,
1219 2658 1294 2735 παρ’
1317 2656 1439 2719 ἐκείνου
1460 2658 1498 2720 τά
1521 2661 1599 2737 γέρα
1620 2662 1684 2720 τῶν
1704 2656 1784 2738 ὑπὲρ
1806 2658 1929 2721 έκείνου

342 2761 500 2826 κινδύνων
522 2782 552 2821 τε
575 2762 628 2820 καί
650 2755 761 2819 πόνων
783 2760 974 2839 κομιουμένη
994 2761 1047 2818 καὶ
1069 2761 1121 2837 ιής
1144 2758 1227 2819 κάτω
1250 2758 1402 2837 πατρίδος
1429 2765 1481 2820 καί
1509 2760 1689 2838 βασιλείας,
1720 2756 1766 2822 ῶν
1786 2760 1929 2844 έστέρητο

343 2867 385 2928 δι’
409 2864 524 2939 αὐτόν,
555 2864 609 2944 τήν
640 2860 790 2942 οὐράνιον
820 2861 915 2923 πόλιν
945 2859 1149 2940 ἀξιοπρεπῶς
1178 2859 1419 2945 άντιληιβομένη
1449 2868 1502 2924 καί
1530 2867 1585 2945 τήν
1613 2864 1712 2925 έκεῖσε
1741 2864 1844 2938 δόξαν
1873 2870 1928 2926 καί

341 2968 508 3049 βασιλείαν
528 2967 583 3049 τήν
605 2965 702 3037 ὄντως
725 2963 902 3026 άσάλεντον
931 2969 984 3024 καί
1006 2962 1242 3045 άνεπηρέαοτον
1264 2965 1377 3039 α’·ίδίως
1409 2968 1468 3031 σῦν
1496 2969 1605 3052 έκείνφ
1633 2966 1929 3050 κληρονομήσουσα,

342 3072 429 3135 ἔνθα
446 3072 449 3149 Ι
467 3073 523 3134 νῦν
545 3070 599 3152 τήν
621 3069 700 3150 πρός
723 3069 846 3139 πάντας
865 3067 1029 3148 μάρτυρας
1050 3068 1112 3146 ἔχει
1135 3072 1307 3130 κοινωνίαν
1329 3073 1383 3130 καί
1405 3069 1590 3144 συναυλίαν,
1613 3074 1666 3153 τής
1687 3070 1783 3152 αδτής
1848 3072 1928 3137 298¹

344 3175 450 3247 αύτοῖς
473 3172 686 3235 άπολαῦουσα
708 3179 827 3254 τρυφής
850 3176 903 3231 καί
923 3170 1155 3253 μακαριότητος
1177 3171 1286 3232 διότι
1309 3174 1346 3234 τά
1370 3172 1485 3254 φίλτρα
1501 3169 1538 3232 τά
1555 3175 1636 3253 πρός
1654 3173 1765 3246 αδτοὺς
1789 3180 1842 3236 καί
1856 3179 1930 3248 τοῦς

343 3278 458 3349 καλοὺς
474 3275 666 3356 ἀρραβῶνας
681 3276 736 3346 οῦς
751 3275 898 3339 ἐντεῦθεν
914 3271 1175 3354 προκατεβόλετο,
1197 3277 1250 3334 καὶ
1266 3274 1312 3336 ότι
1334 3279 1387 3335 καὶ
1402 3274 1480 3357 αιίιή
1496 3274 1617 3355 μάρτυς
1633 3277 1778 3355 ἄντικρυς
1800 3281 1862 3339 τῶν
1883 3278 1929 3351 είς

343 3384 377 3444 τὸ
390 3385 481 3459 σῶμα
498 3380 572 3457 δίχα
588 3381 719 3452 ποινῶν,
743 3377 782 3449 άς
796 3375 871 3441 οὐδὲ
886 3374 983 3448 αὐτοῖς
998 3375 1016 3458 ή
1033 3375 1178 3459 άήττητος
1193 3377 1396 3456 ἐπαγομένας
1411 3379 1454 3438 όν
1469 3379 1678 3464 παρῃτήσατο,
1702 3384 1782 3459 πρός
1802 3378 1836 3442 τό
1859 3389 1929 3443 πᾶν

343 3484 448 3546 ὁτιοῦν
470 3481 551 3561 ὑπὲρ
574 3485 709 3560 Χριστοῦ
734 3481 913 3560 προθύμως
935 3482 1059 3541 παθεῖν
1081 3480 1115 3555 έξ
1139 3478 1237 3562 άρχής
1263 3480 1368 3552 καλῶς
1397 3484 1690 3564 παρεσκευασμένη,
1721 3481 1868 3545 ἐνταῦθα
1892 3484 1928 3546 δέ

342 3591 404 3648 τῶν
431 3585 600 3666 μαρτύρων
614 3582 615 3587 ’
628 3586 682 3645 τὸν
715 3582 960 3663 διαφορῶτατον
990 3587 1099 3645 τοῦτον
1128 3588 1182 3644 καὶ
1213 3587 1466 3664 προφερέστατον
1488 3582 1575 3673 δρθή
1597 3589 1795 3667 προκρίνασα
1818 3590 1927 3667 κρίσει,

343 3689 433 3769 παρά
455 3692 510 3749 τόν
532 3685 631 3751 αδτοῦ
653 3691 764 3766 νεκρόν
787 3685 830 3758 ῶς
852 3689 1015 3765 κρατίστου
1048 3691 1101 3747 καὶ
1128 3685 1281 3767 φιλτάτου
1311 3686 1529 3768 διαφερόντως
1561 3692 1615 3748 καί
1636 3692 1691 3750 τὸν
1713 3689 1824 3772 έαυτής
1846 3688 1927 3775 ‘532⁰-

342 3794 480 3874 νόμησεν
501 3789 628 3861 είκάτως
656 3791 889 3870 κατατεθῆναι·
921 3791 1009 3867 εἴπερ
1039 3791 1135 3865 θέμις
1163 3790 1289 3869 νεκρούς
1316 3791 1354 3850 τά
1386 3792 1618 3870 θαυματουργοὶ
1648 3791 1758 3853 καλεῖν
1785 3794 1928 3870 σώματα,

341 3894 467 3975 μᾶλλον
497 3893 532 3954 δέ
562 3892 599 3953 τά
631 3900 744 3968 ταμεῖα
774 3896 836 3953 τῶν
866 3895 948 3954 θεοῦ
970 3893 1185 3971 χαρισμάτων,
1214 3892 1248 3965 έξ
1270 3888 1316 3954 ῶν
1338 3890 1377 3954 οδ
1405 3894 1518 3971 μόνοις
1548 3893 1631 3974 ήμῖν,
1664 3894 1693 3955 εί
1715 3900 1768 3954 καί
1788 3894 1927 3972 μᾶλλον,

343 3996 428 4060 άλλὰ
460 3999 559 4057 πᾶσιν
585 3993 776 4073 όνθρῶποις
804 3992 862 4075 (ῶς
892 3994 1008 4078 είπεῖν)
1039 3991 1113 4055 ὅσαι
1140 3991 1222 4074 ῶραι
1251 4000 1386 4074 ποταμοὶ
1415 3995 1597 4074 θαυμάτων
1624 3996 1814 4072 έκδίδονται,
1835 4022 1928 4074 γινω-

343 4096 493 4181 σκόμενοί
519 4121 550 4160 τε
580 4102 633 4158 καὶ
661 4095 914 4177 μαρτυρούμενοι
943 4101 997 4158 καί
1019 4094 1080 4162 λπό
1104 4099 1210 4179 πόσης
1229 4099 1344 4177 μικροῦ
1364 4100 1593 4181 περιᾳδόμενοι
1614 4090 1771 4181 γλῶσσης,
1804 4101 1857 4182 ἐφ’
1881 4102 1928 4174 οἷς

341 4202 511 4277 α’ναλόγως
538 4196 573 4261 αλ
596 4201 685 4280 παρά
709 4202 841 4261 πάντων
862 4195 983 4270 τούτοις
1004 4203 1100 4276 τιμαὶ·
1120 4204 1174 4259 καὶ
1195 4200 1229 4260 τό
1259 4205 1311 4281 τής
1341 4205 1520 4280 θεραπείας
1550 4202 1593 4274 ῶς
1617 4201 1730 4276 ἔνεστι,
1762 4203 1928 4278 πολυειδές

342 4312 396 4369 καὶ
418 4306 598 4388 φιλότιμον,
624 4304 627 4387 ή
652 4297 698 4363 ῶν
719 4301 808 4385 ἡμεῖς
828 4300 933 4366 ούδενλ
955 4305 1017 4362 τῶν
1039 4301 1089 4363 λα’
1112 4299 1218 4374 αὐτοῖς
1240 4306 1412 4383 πρεσβείων
1426 4307 1691 4384 παραχωροῦμεν,
1713 4302 1782 4366 τύδ’
1823 4297 1825 4301 ’
1848 4308 1928 4372 299¹

342 4407 474 4470 όνεκτόν
497 4403 683 4469 παντάπασι
706 4407 854 4486 κρίνομεν
875 4403 994 4476 ἄλλους
1014 4403 1141 4484 μάλλον
1161 4402 1252 4485 ήμῶν
1274 4407 1353 4467 καθ’
1375 4401 1563 4485 οἱανδήποτε
1583 4406 1702 4485 τρόπον
1724 4417 1787 4480 τοῖς
1809 4419 1929 4483 κοινοῖς

342 4511 554 4591 εδγνωμονεῖν
575 4506 764 4587 εὐεργέταις·
786 4506 825 4569 οῦ
846 4509 908 4587 γάρ
929 4505 1039 4583 εὐαγὲς
1054 4505 1129 4573 ούδέ
1145 4507 1235 4570 ῦσιον
1247 4545 1290 4554 -
1311 4507 1351 4569 τά
1364 4529 1396 4569 τε
1411 4506 1508 4581 ἄλλα,
1531 4512 1585 4568 καί
1600 4508 1646 4571 ότι
1662 4510 1929 4593 παραδραμόντες

343 4619 467 4688 πάντας
489 4612 558 4686 τούς
579 4610 712 4684 ἄλλους,
742 4612 817 4692 παρ’
840 4608 916 4692 ἡμῖν
937 4607 1078 4692 η’ξίωσαν
1099 4610 1200 4692 ἄμφω
1223 4612 1429 4671 καταπαῦσαι
1454 4613 1487 4671 τό
1511 4613 1590 4672 κατά
1620 4610 1744 4692 σάρκα,
1777 4618 1831 4675 καί
1851 4618 1929 4693 μεθ’

342 4717 432 4802 ήμῶν
454 4714 634 4807 ήριτίσαντο
656 4723 813 4776 κατοικεῖν
835 4713 869 4775 τό
893 4714 1102 4794 φαινόμενον.
1135 4711 1263 4792 μᾶλλον
1286 4711 1321 4773 δὲ
1344 4716 1397 4772 καὶ
1420 4717 1481 4795 πρὸ
1503 4717 1621 4778 τούτων
1642 4713 1741 4779 αῦτοῦ
1770 4721 1826 4781 τοῦ
1847 4722 1929 4782 κατὰ

417 4860 445 4894 ιτ
465 4838 640 4907 προσεδριίαν
659 4834 755 4890 codex.
775 4832 833 4902 legi
852 4833 1027 4902 Stephanum
1046 4833 1086 4888 VI
1105 4831 1310 4902 ιέέοῦορανδι
1325 4831 1330 4899 Ι
1348 4850 1376 4884 ιι
1396 4833 1452 4889 Luc
1470 4855 1493 4899 τ,
1513 4835 1608 4904 371η
1628 4835 1701 4891 Cant
1718 4858 1742 4902 4,
1762 4855 1774 4889 ι
