4560 6172
337 508 383 575 44

427 675 464 763 η’ς
485 678 676 764 πολλαπλῆν
697 678 827 744 σόνοιόα
847 680 901 765 την
923 677 1041 765 όηόέαν

429 784 528 870 Ιπρὸς
548 784 604 867 την
625 784 743 870 έκεένης
766 782 883 870 η’δονην
903 787 1126 870 μετρουμένην.
1360 786 1416 850 36ι

428 887 564 962 πλοῦτος
586 886 666 973 ρέεις
688 891 774 969 παῦςς
798 887 866 969 οῦχὶ
887 893 941 952 καὶ
962 891 1135 969 παραρρέει
1142 917 1154 969 ,·

364 992 407 1059 20
427 990 576 1074 μάλιστα.
600 998 654 1054 καὶ
674 1015 719 1067 τις
740 990 877 1057 άστάτου
898 992 996 1076 φέλου
1019 991 1132 1071 λόγυςς

428 1097 466 1159 ἔα
489 1095 681 1159 πλανᾶσθαι
703 1097 771 1170 τοῦς
795 1096 950 1170 θέλοντας
971 1094 1123 1169 εὐκόλως·

428 1202 466 1265 σύ
487 1200 515 1263 ό*
536 1199 571 1265 εὖ
591 1200 738 1285 βεβητιός,
761 1204 861 1284 κτῆμα
885 1200 1025 1264 τοιοῦτον
1046 1202 1158 1274 πόθει,

430 1303 479 1367 ἀεὶ
502 1309 644 1388 πεφυκός
665 1307 709 1390 τῷ
729 1303 872 1387 φιλοῦντι
894 1305 1092 1384 προσμένειν.

428 1407 500 1471 ἀλλ’
523 1410 618 1487 ὄγκον
639 1410 741 1489 αἴρεις
764 1412 817 1469 καλ
839 1405 1036 1470 καταστέλλει
1059 1406 1159 1470 πάλιν

363 1514 406 1580 25
429 1512 471 1588 ὥς
493 1517 617 1594 πνεῦμα
641 1511 741 1596 φόσης
761 1509 861 1575 ἀσκόν
882 1510 1093 1594 ἐστερημένον.

429 1615 514 1680 άλλὰ
537 1619 659 1700 τρυφην
681 1615 826 1692 δίδωσιν,
850 1613 935 1678 ἄλλα
958 1619 1013 1676 καὶ
1034 1615 1156 1698 φθόην.

429 1724 457 1784 τό
478 1731 572 1784 ποῖον
592 1720 701 1798 ελπαςς
724 1724 778 1782 καλ
798 1723 860 1802 γάρ
883 1716 920 1785 οῦ
940 1718 1071 1804 ψευδῶς
1092 1718 1188 1802 ἔφην·

430 1826 467 1890 σύ
488 1823 518 1887 δ’
539 1824 660 1901 §efrata
682 1821 783 1887 τάλλα
805 1828 867 1887 τάν
888 1828 996 1885 κακῶν
1017 1821 1088 1897 ὅσα,

430 1928 466 1992 έν
487 1926 533 2003 ολς
555 1928 572 1992 ὁ
595 1927 728 2002 πλοῦτος
750 1928 905 2005 δεξιοῦται
925 1931 994 2001 τοὺς
1017 1926 1140 2011 φίλους.

366 2035 410 2100 30
430 2036 474 2107 τίς
496 2030 552 2096 οὖν
574 2034 708 2116 συνησει,
731 2034 776 2106 τές
797 2029 971 2095 διοπτεόσει
993 2030 1069 2094 τάδε
1075 2059 1088 2111 ,·

429 2136 531 2220 πολλη
553 2131 645 2216 χάρις
667 2153 716 2200 σοι
737 2139 800 2199 τῶν
821 2135 937 2213 λόγων,
960 2138 1041 2199 θεοῦ
1060 2135 1155 2212 Λόγε,

429 2240 475 2315 ολς
495 2239 669 2326 εἰδότησας
691 2230 817 2322 δωρεάν
838 2262 876 2320 με
898 2238 1073 2314 πλουτίσαι,

430 2345 484 2419 οὓς
505 2343 643 2425 α’ξέωμα,
665 2343 810 2419 πλοῦτον,
832 2343 985 2418 εὔκλειαν,
1008 2342 1131 2426 θρόνον

430 2432 484 2512 καὶ
506 2453 573 2511 πᾶν
594 2450 651 2525 ό,τι
673 2447 845 2531 κράτιστον,
869 2445 1003 2532 ἡγοῦμαι
1022 2445 1151 2526 μόνους,

366 2554 408 2620 35
431 2558 465 2618 ολ
483 2557 538 2627 τάς
559 2550 678 2635 ὀρέξεις
698 2554 761 2615 τιῦν
782 2552 869 2633 έμιῦν
890 2550 1081 2635 θελημάτων

431 2658 615 2744 ῥεμβασμόν
636 2655 692 2723 οῦκ
713 2657 789 2720 ἐῶσι
810 2657 943 2737 πάσχειν
965 2655 1095 2741 ῥηιδίως,

431 2764 572 2835 πίνοντες
594 2759 681 2828 αὐτοὶ
702 2761 808 2825 πάντα
830 2766 882 2844 τῆς
905 2763 1009 2844 ψυχῆς
1030 2759 1151 2834 πόθον,

431 2865 474 2939 ὥς
495 2870 565 2939 τοῦς
586 2867 744 2946 ποταμοὺς
767 2862 784 2948 η
809 2863 961 2927 θάλασσα
986 2866 1053 2935 τοὺς
1074 2865 1168 2945 πέριξ
1193 2901 1227 2912 -

432 2969 461 3032 εἰ
480 2961 527 3053 μη
546 2992 574 3032 τι
596 2971 713 3052 σαρκός
734 2965 891 3031 α’σθένεια
914 2965 1092 3050 προσλάβοι
1118 3005 1167 3042 -,

367 3075 411 3140 40
432 3071 475 3147 ὡς
496 3072 595 3155 τέλμα
615 3076 729 3155 μικρὸν
749 3073 905 3154 έκτραπὲν
926 3071 1059 3155 ῥεέθρου
1080 3073 1193 3154 μέρος·

430 3177 466 3254 έξ
488 3174 534 3239 ὦν
556 3179 649 3256 ἔγωγε
671 3177 726 3251 τάς
746 3176 898 3260 α’φορμᾶς
921 3174 1106 3257 λαμβάνων,

435 3283 578 3368 ητοότους
599 3281 724 3368 έμαυτηῑ
746 3281 816 3354 τούς
836 3281 954 3361 νόμους
976 3280 1035 3360 ἔχω
1057 3278 1204 3363 γράφειν,
1363 3278 1421 3344 36⁸

432 3386 468 3448 έν
489 3384 534 3459 ολς
555 3387 738 3467 κρατοῦμαι,
762 3390 815 3446 καὶ
837 3390 941 3465 κρατῶ
962 3389 1023 3447 τοῖν
1046 3378 1092 3446 τόν
1116 3386 1220 3465 θέμις.

347 3597 416 3665 91.
436 3596 493 3669 Εἰς
513 3595 639 3661 ἑαυτόν.

392 3703 409 3765 1
436 3699 629 3764 »Πλουτοῦσι
654 3698 786 3763 πολλοέτ
812 3734 853 3745 -
875 3700 966 3762 παῦε.
989 3700 1041 3758 καὶ
1064 3697 1108 3769 τές
1127 3717 1183 3776 μοι
1205 3693 1315 3776 λόγοςς

420 3793 573 3883 ’πτωχοὺς
594 3804 654 3885 γὰρ
679 3806 740 3878 έξει
761 3800 884 3874 πάντας
905 3800 941 3876 έξ
962 3801 1032 3862 ἴσον
1054 3798 1165 3882 τάφος,

433 3906 559 3989 ἀβροός,
580 3909 704 3988 μέσους,
728 3905 833 3990 ἥττους
854 3927 885 3966 τε
906 3906 960 3964 καλ
982 3898 1195 3976 πενεστάτους.

433 4015 469 4075 τό
494 4015 550 4076 νῦν
571 4010 607 4073 δὲ
628 4014 743 4087 παῖξαι
764 4009 878 4092 μικρὸν
900 4004 1004 4081 αὐτοῖς
1025 4005 1163 4086 ένδέόου,

391 4117 412 4184 5
434 4120 493 4191 έως
515 4117 608 4190 κενάς
629 4118 778 4198 φέροντες
799 4115 976 4175 αἴσθωνται
997 4114 1102 4191 χέρας.

436 4220 591 4294 »πολλοῦς
614 4217 731 4302 θρόνοι
753 4220 905 4302 φέρουσιν
926 4214 1068 4300 ῦψηλοῦς
1090 4215 1189 4277 εἶναι

432 4325 494 4401 έγώ
516 4325 552 4388 δέ
573 4327 674 4408 γῆθεν
696 4322 833 4387 ἔκπαλαι
855 4319 1086 4400 πεπλασμένος,

433 4429 478 4504 εἰς
498 4433 557 4513 γῆν
577 4451 608 4492 τε
630 4428 718 4504 νεόω,
741 4430 794 4488 καὶ
817 4422 901 4488 κάτω
925 4424 1001 4507 ζητοῖ
1022 4428 1139 4504 μένειν,

435 4532 545 4620 πολλῷ
567 4532 603 4595 δὲ
624 4535 679 4616 την
701 4533 836 4612 ἔπαρσιν
858 4528 990 4591 έκκλένω
1013 4526 1118 4612 φόβῳ,

372 4641 414 4705 10
434 4640 546 4722 μήπως
568 4641 737 4711 σκοτωθεὶς
757 4634 887 4720 ὑψόθεν
908 4637 1007 4714 χαμαὶ
1030 4635 1126 4708 πέσω,

434 4746 487 4827 τῆς
508 4741 688 4816 αῦθαόεέας
709 4740 806 4817 άξέαν
828 4738 934 4811 όιόοῦς
956 4737 1061 4820 όέκην·

435 4847 517 4911 ὅθεν
536 4846 687 4929 ταπεινὴν
707 4843 891 4928 ἀσφάλειαν
913 4841 1058 4919 ἐκλέγων,

1727 2052 1757 2101 30
1790 2033 1934 2088 όιοπτεότει

1727 2105 1748 2158 O
1772 2104 1852 2160 εοᾱτ
1875 2123 1933 2160 cor·

1727 2178 1834 2231 rectum
1856 2195 1873 2230 a
1892 2194 1933 2233 εο-

1727 2247 1818 2301 cunda
1848 2266 1934 2303 manu

1727 2335 1761 2374 ex
1774 2336 1794 2370 π
1811 2320 1934 2375 utvide·

1745 2393 1792 2443 tur
1813 2391 1910 2445 Stude·

1728 2462 1814 2514 mund

1727 2891 1757 2953 3⁸
1790 2888 1934 2944 Anacreon

1728 2978 1767 3023 21,
1780 2978 1792 3026 3
1807 2959 1933 3031 Laqarde

1728 4155 1741 4204 5
1751 4137 1934 4192 αλοθωνταιο’

1740 4211 1877 4261 αλσθονται
1890 4209 1922 4265 0¹

1729 4280 1897 4334 θέυάευιαπά

1728 4789 1754 4822 11
1793 4766 1933 4826 αόταόιέας

1727 4841 1917 4911 apographum
