4560 6172
492 557 537 622 74

494 725 727 810 ἐκθεραπεύσοι
748 729 792 811 τῷ
815 726 1049 808 δυσθυμοῦντι,
1081 727 1202 799 καλεῖς
1231 725 1431 810 φαιδρότητα
1453 729 1568 809 τρέψοι
1590 727 1646 809 τήν
1666 727 1868 809 ἐπικειμένην
1890 727 2091 809 κατήφειαν·

493 833 582 895 τοῦτο
611 834 672 912 γὰρ
702 833 736 892 τδ
768 829 955 911 ἐπάγγελμα
976 834 1031 894 τοῦ
1053 853 1085 893 τε
1108 828 1233 910 θρόνου
1255 834 1309 894 τοῦ
1333 837 1389 895 σοῦ
1420 835 1475 892 καὶ
1495 834 1548 913 τής
1569 828 1714 906 εὐγενοῦς
1736 834 1789 891 καί
1812 831 1961 907 γενναίας
1982 830 2090 912 ψυχῆς

495 950 553 996 σου
574 938 629 995 καί
651 935 873 1013 προαιρέσεως.
921 932 961 1017 Βή
983 933 1075 1016 χάρις
1095 936 1149 997 τοῦ
1173 937 1252 998 θεοῦ
1274 938 1329 994 καί
1349 934 1383 995 τδ
1408 934 1495 1007 ἔλεος
1514 933 1569 996 ἐπὶ
1590 937 1624 995 σέ
1647 937 1702 995 καί
1723 936 1761 995 τό
1785 933 1836 995 σά.

582 1040 675 1105 132.
707 1036 755 1112 λγ.
789 1037 864 1100 1Ἴδε
893 1040 977 1110 τίνος
1006 1040 1061 1098 καί
1088 1033 1189 1120 πόσης
1218 1034 1317 1112 λόγου
1348 1035 1501 1112 σιαγόνος
1531 1034 1549 1098 δ
1580 1035 1657 1116 ἐμός
1685 1035 1757 1113 ἐμοὶ
1784 1033 2019 1122 Χρυσορ[ρ]όας
2047 1034 2090 1097 δι’

496 1138 619 1203 ἄθλιον
640 1137 828 1223 ἐφθόνησεν
849 1141 956 1204 ὄκνον.
989 1138 1062 1202 ἄλλ’
1091 1138 1147 1204 οῦκ
1177 1142 1220 1201 όν
1249 1137 1417 1218 ἀπέκαμεν
1445 1138 1561 1213 ἄλλοις
1589 1137 1767 1214 πελαγίζων
1794 1138 1874 1212 ὅλας
1903 1139 2089 1214 θαλάσσας,

494 1243 571 1327 ήμίν
601 1244 636 1307 δὲ
666 1246 762 1326 ξηρὸς
789 1244 843 1306 ἐπὶ
874 1247 1020 1307 τοσοῦτον
1050 1243 1205 1322 διέμεινεν
1234 1242 1287 1325 ἐφ’
1319 1241 1396 1304 ὅσον
1424 1241 1584 1322 α’κοῦομεν
1612 1243 1667 1304 τδν
1695 1242 1864 1318 αέγόπτιον
1885 1240 2004 1305 Νεῖλον
2033 1243 2091 1325 τήν

495 1346 609 1411 ἑαυτοῦ
632 1352 800 1410 ποιεῖσθαι
821 1345 998 1427 α’νάβασιν·
1021 1346 1075 1408 ἐπί
1096 1344 1254 1420 τοσούτοις
1276 1350 1330 1406 καὶ
1351 1349 1458 1420 ταῦτα,
1483 1352 1537 1407 καὶ
1553 1346 1634 1428 πρδς
1647 1347 1804 1418 τοιούτους
1826 1349 1878 1406 καὶ
1894 1343 1911 1407 ῦ
1928 1348 2088 1418 τοσοῦτος·

496 1448 707 1534 α’νακυκλήσω
738 1453 800 1529 γάρ
830 1449 933 1512 πάλιν
961 1451 1016 1512 τδν
1047 1448 1229 1529 όνειδισμδν
1259 1452 1314 1511 καί
1343 1451 1399 1531 τήν
1428 1451 1572 1530 μέμψιν,
1605 1452 1659 1509 καί
1689 1446 1727 1511 οῦ
1754 1454 1830 1530 πρὶν
1852 1446 1886 1513 εῦ
1907 1450 1978 1511 ἴσθι
2001 1448 2089 1528 λήξω

495 1555 709 1636 μεμφόμενος,
733 1556 808 1635 πρὶν
828 1554 875 1625 είς
894 1555 1109 1634 γρονθισμούς
1122 1551 1315 1636 α’πυσκήψω,
1338 1558 1392 1613 ίνα
1405 1554 1434 1614 τί
1447 1569 1497 1614 σοι
1512 1551 1757 1635 προσαπειλήσω
1773 1556 1828 1614 καὶ
1840 1558 1903 1614 τῶν
1918 1555 2089 1634 συνήθων·

496 1657 571 1729 ἴσως
593 1659 655 1736 γὰρ
678 1655 759 1720 οῦτω
781 1657 962 1734 γνῶσομαι,
985 1658 1016 1717 εἴ
1035 1676 1093 1717 σου
1114 1664 1179 1728 τοίς
1200 1654 1312 1728 καλοτς
1333 1656 1453 1729 τούτοις
1474 1655 1668 1734 σπλάγχνοις
1696 1660 1751 1717 καὶ
1772 1653 1891 1734 καρδία
1913 1677 1958 1727 τις
1980 1653 2089 1717 ἔνεστι.

499 1759 562 1822 λεδ
586 1759 622 1819 δὲ
644 1761 702 1822 νῦν
724 1755 766 1829 ῶς
787 1759 954 1834 ἐπέταξας,
977 1755 1174 1821 α’πέσταλται
1195 1760 1228 1822 τι)
1253 1758 1454 1839 σκεμμότιον,
1477 1757 1639 1832 άπαξιοῦν
1660 1763 1720 1840 μὲν
1735 1759 1841 1838 ῶσπερ
1855 1750 2090 1840 τήνήμεεέραν,

495 1862 551 1944 τήν
574 1860 610 1923 δὲ
632 1866 690 1944 σήν
710 1860 945 1946 μεγαλόφωνον
967 1861 1255 1943 παραμιμούμενον
1274 1862 1448 1949 γλῶσήσαν,
1481 1863 1499 1944 ἢ
1529 1862 1708 1946 συνήθειαν
1737 1862 1799 1940 ἔχει
1828 1864 1891 1923 τῶν
1912 1883 1944 1923 τε
2032 1861 2090 1926 812

497 1965 609 2029 ἄλλων
639 1964 797 2037 πολλάκις
826 1965 862 2027 ἐν
889 1975 954 2038 τοίς
982 1964 1062 2047 ῦπὲρ
1091 1965 1189 2038 οἷξίαν
1219 1967 1364 2038 ἐπαίνοις
1395 1968 1449 2027 καὶ
1477 1963 1568 2047 ήμῶν
1596 1966 1654 2045 οὐχ
1678 1966 1786 2048 ήκιστα
1809 1964 2089 2046 καταψεύδεσθαι,

496 2070 604 2134 τὀύτου
628 2068 665 2150 δή
690 2067 929 2149 στοχαζόμενον,
952 2074 1007 2130 ίνα
1029 2073 1083 2130 καὶ
1105 2066 1181 2133 αῦτδ
1204 2072 1301 2148 μέρος
1323 2068 1402 2154 δόξη
1425 2073 1488 2130 τῶν
1509 2065 1589 2150 ὑπὲρ
1612 2067 1702 2150 ήμῶν
1723 2068 1759 2130 ἐν
1781 2079 1850 2141 ταῖς
1862 2077 2007 2148 γραφαῖς
2030 2084 2090 2130 σου

498 2174 800 2253 παραφθεγμότων,
822 2172 904 2236 οῦτω
917 2175 1128 2234 συντέτακται.
1151 2171 1213 2255 5τῷ
1237 2175 1455 2252 πεφεισμένως
1477 2172 1507 2234 δ’
1529 2172 1613 2248 ἔχειν
1634 2169 1696 2233 κόν
1718 2170 1846 2246 τούτοις,
1869 2173 1976 2254 πάσης
1998 2172 2090 2249 οἶμαι

499 2275 629 2347 δικαίως
651 2274 804 2357 διαβολῆς
826 2274 1069 2337 α’παλλάττεται.
1115 2275 1175 2337 4τοὶ
1200 2278 1379 2354 νομίσματα
1408 2273 1439 2336 δ’
1467 2274 1532 2336 ἔδει
1560 2277 1708 2339 τοσοῦτον
1738 2277 1929 2355 κυίσκόμενα
1957 2275 2088 2355 χρόνον,

496 2379 637 2460 μέγεθός
666 2402 696 2441 τε
731 2378 842 2456 λαβεῖν
862 2378 899 2440 ἐν
920 2387 988 2449 ταῖς
1008 2380 1152 2457 χρονίαις
1174 2375 1275 2453 ω’δίσι,
1301 2382 1354 2438 καὶ
1375 2376 1501 2456 μεγάλα
1523 2375 1631 2439 πάντα
1652 2381 1817 2460 τεχθήναι.
1862 2378 1952 2440 ὅἐπεὶ
1974 2379 2010 2440 δὲ
2033 2379 2091 2461 τήν

497 2485 615 2566 μητέρα
640 2482 825 2561 πτοούμεθα
847 2483 889 2562 μή
913 2479 956 2552 ῶς
978 2479 1120 2562 άσθενής
1141 2479 1348 2566 ἐξαμβλῶση,
1378 2481 1417 2542 τά
1444 2483 1505 2560 μέν
1533 2486 1663 2545 τοιαῦτα
1684 2484 1728 2566 τῷ
1751 2480 1854 2562 χρόνῳ
1880 2484 2087 2561 θαρροῦντες,

498 2587 536 2648 τδ
561 2585 591 2647 δ’
615 2583 684 2664 οὐχὶ
706 2589 837 2649 τοιαῦτα
860 2582 914 2645 διδ
937 2583 993 2666 τήν
1014 2584 1096 2663 πρὸς
1117 2586 1173 2666 τήν
1204 2582 1384 2646 ῶδίνουσαν
1413 2581 1515 2665 φειδῶ
1546 2583 1765 2664 μαιευόμεθα.
1811 2584 1857 2646 ὅεί
1879 2584 1910 2646 δ’
1930 2585 2033 2668 ἐκείνη
2054 2585 2091 2646 τδ

497 2691 631 2769 γόνιμον
654 2695 707 2751 καὶ
728 2692 887 2772 τρόφιμον
909 2689 1041 2767 ἔρρωται
1049 2738 1058 2769 ,
1086 2690 1116 2749 τί
1142 2688 1185 2771 μή
1217 2688 1325 2751 πάντα
1354 2689 1506 2768 προάξεις
1525 2671 1571 2761 είς
1593 2691 1664 2768 φῶς
1684 2686 1858 2771 εὐμεγέθη,
1897 2689 2088 2768 ἐπεγείρας*

498 2795 535 2879 τῇ
557 2794 669 2881 κυούσῃ
691 2794 729 2854 τοὶ
751 2799 880 2856 τοιαῦτα
901 2793 1041 2871 προνοίᾳ
1063 2809 1137 2866 σου,
1170 2793 1226 2874 τήν
1256 2791 1430 2872 θρεπτικήν
1459 2815 1490 2854 τε
1520 2790 1601 2870 ὁμοῦ
1629 2795 1684 2852 καὶ
1705 2791 1912 2874 ἀποκριτικήν
1935 2792 2093 2871 δύναμινς·

501 2895 606 2977 ἵπλήν
636 2893 720 2956 α’λλά
751 2899 805 2957 καί
832 2900 929 2960 ταῦτα
952 2892 1051 2969 πολύ,
1080 2897 1133 2956 καί
1155 2891 1325 2978 προσθήκη
1354 2911 1404 2956 σοι
1426 2895 1555 2974 χάριτος
1576 2891 1637 2977 α’φ’
1660 2891 1750 2977 ήμῶν
1771 2892 1850 2973 ὑπὲρ
1873 2892 1992 2958 τούτου.
2043 2898 2089 2968 τίς

497 2997 555 3064 οῦν
575 2999 650 3083 αῦτη
673 3005 726 3061 καί
749 3002 828 3062 ποία
833 3026 847 3076 ,·
879 2996 896 3060 ῦ
920 2995 1051 3075 α’γαθός
1072 3012 1107 3059 σε
1128 3001 1183 3059 καὶ
1202 2998 1428 3080 μεγαλόδωρος
1455 2997 1509 3060 ἐπὶ
1532 2997 1632 3060 πλέον
1654 2998 1697 3061 ἔτι
1719 3002 1774 3060 καὶ
1796 2996 1896 3060 πλέον
1917 2998 2089 3082 ἐμπλήσειε

498 3107 618 3177 παντὸς
640 3102 781 3180 α’γαθοῦ.

586 3205 700 3292 1138.
725 3205 775 3271 λδ.
800 3203 935 3268 1Οὐκέτι
956 3222 991 3267 σε
1011 3206 1121 3289 ταύτης
1142 3211 1195 3289 τῆς
1217 3205 1400 3289 ἀποδημίας
1421 3207 1577 3287 ολκτείρω·
1600 3204 1617 3267 δ
1637 3205 1823 3287 μακρυσμδς
1842 3203 1942 3288 γδρδ
2031 3206 2087 3270 82ι

500 3311 556 3383 σδς
578 3308 634 3374 οῦκ
656 3306 716 3390 όφ’
739 3307 830 3391 ήμῶν
852 3310 1036 3389 μακρυσμός
1057 3309 1121 3373 ἐστι
1142 3317 1206 3373 τῶν
1225 3310 1409 3387 ἐγγιζόντων
1431 3308 1482 3371 αἐί
1497 3329 1556 3382 σοι,
1581 3309 1667 3370 όλλδ
1682 3314 1745 3370 τῶν
1758 3310 1834 3388 παρ’
1851 3307 1925 3390 ήμίν
1939 3307 2092 3387 μεγάλων

497 3417 617 3487 κακῶν,
651 3410 697 3485 οίς
718 3410 807 3493 ἡμεῖς
827 3409 996 3474 κύκλωθεν
1018 3418 1088 3475 νυνί
1110 3416 1332 3494 συνεχόμεθα,
1362 3419 1417 3475 καὶ
1438 3411 1493 3494 ὑφ’
1517 3407 1563 3474 ῶν
1585 3411 1728 3490 όβιῶτως
1750 3416 1804 3473 καί
1827 3415 1907 3491 πρὸς
1929 3418 1984 3493 τήν
2007 3414 2088 3474 πᾶσι

497 3516 596 3599 φίλην
618 3514 699 3598 ζωήν
721 3513 776 3579 οῦκ
798 3512 935 3593 εὐμενῶς
957 3514 1079 3595 ἔχομεν,
1101 3517 1155 3579 ἐπὶ
1176 3528 1241 3590 τοϊς
1263 3521 1401 3597 παροῦσί
1423 3539 1452 3579 τε
1475 3516 1550 3577 λίαν
1572 3514 1773 3593 ἀθυμοῦντες
1801 3519 1856 3574 καὶ
1878 3513 2086 3594 όδυνῶμενοι,

498 3623 552 3681 καὶ
580 3623 617 3680 τοὶ
647 3604 805 3698 μέλλοντα
836 3621 929 3698 χείρω
959 3619 1195 3698 προσδοκῶντες
1222 3625 1284 3683 τῶν
1313 3619 1495 3701 δρωμένων.
1550 3619 1598 3682 λεί
1620 3618 1656 3679 δέ
1677 3639 1747 3679 τινα
1772 3618 1896 3700 φθόνει
1919 3621 2087 3700 καὶμέχρι

496 3725 553 3786 σοῦ
574 3727 637 3783 τῶν
659 3725 777 3797 κακῶν,
801 3719 886 3782 α’λλοὶ
909 3725 950 3802 μή
975 3728 1037 3802 πῦρ
1060 3742 1110 3786 σοι
1131 3728 1229 3789 ταῦτα
1253 3724 1391 3796 δοκείτω,
1414 3721 1487 3784 ἀλλ’
1510 3720 1577 3784 οἷον
1598 3721 1694 3801 λεπτή
1711 3743 1757 3793 τις
1772 3724 1940 3799 καμινιαία
1957 3719 2088 3805 αἰθάλη

496 3827 520 3907 η’
540 3825 634 3902 ότμοί
655 3846 734 3896 τινες
756 3822 905 3886 ἐντεῦθεν
928 3822 1157 3907 όναδιδόμενοι
1179 3829 1232 3892 τοῦ
1254 3830 1330 3907 παρ’
1353 3826 1429 3908 ἡμίν
1450 3827 1622 3904 καιομένου
1649 3828 1711 3886 τῶν
1731 3828 1908 3905 συμφορῶν
1929 3828 1991 3886 τῶν
2013 3824 2086 3906 τήδε

497 3926 614 4007 πυρός·
649 3927 726 3989 ῶστε
756 3929 790 3988 τδ
820 3928 1017 4010 κουφότερον
1045 3931 1082 3991 ἐν
1111 3941 1221 4004 κακοτς
1243 3928 1287 4003 ῶς
1308 3927 1512 4010 αἱρετώτερον
1535 3929 1649 4007 δέχου,
1681 3931 1735 3987 καί
1756 3928 1790 3988 τῦ
1812 3929 1855 4010 μή
1878 3939 1984 4007 χείρον
2006 3928 2086 4009 ὅπερ

496 4025 636 4112 όκούεις,
669 4028 793 4106 βέλτιον
824 4030 938 4111 νόμιζ.
983 4032 1043 4094 ε’τοί
1086 4033 1115 4095 δ’
1144 4034 1198 4096 ἐπί
1224 4035 1348 4106 τούτοις
1375 4032 1392 4094 δ
1424 4033 1518 4114 δοτήρ
1545 4035 1607 4094 τῶν
1636 4032 1819 4111 κρειττόνων
1848 4036 2014 4111 χαρίσαιτό
2036 4052 2087 4097 σοι

498 4132 597 4216 δῶσιν
621 4136 735 4213 ψυχῆς,
760 4131 858 4214 ῥῶσιν
881 4132 1035 4212 σώματος,
1058 4140 1112 4196 καί
1134 4138 1189 4218 τήν
1210 4138 1245 4212 ἐξ
1265 4138 1371 4218 ῦφους
1388 4135 1601 4218 παράκλησιν,
1624 4134 1692 4196 ἐπεὶ
1713 4139 1768 4214 τήν
1791 4133 1940 4198 κάτωθεν
1961 4136 2086 4220 ταύτην,

496 4236 692 4299 ἐκλιποῦσαν
714 4233 774 4316 ήδη
796 4236 917 4310 τελέαις,
940 4237 1137 4301 ἐπανελθεῖν
1159 4240 1234 4322 ημῖν
1256 4241 1312 4303 οῦκ
1334 4241 1433 4314 ἐλπίς.
1464 4241 1546 4318 τάχα
1569 4238 1598 4300 δ’
1622 4238 1665 4298 όν
1687 4258 1762 4298 ποτε
1783 4237 1910 4318 ὕστερον
1933 4246 1986 4301 καὶ
2009 4241 2085 4325 αύτή

495 4340 692 4412 ἐπανέλθοι,
727 4343 779 4403 τοῦ
802 4343 911 4419 κυρίου
934 4344 1296 4427 θαυματουργήσαντος·
1326 4348 1364 4406 τό
1386 4352 1448 4428 γάρ
1470 4345 1561 4424 παρά
1585 4339 1776 4419 α’νθρῶποις
1798 4339 1961 4426 α’δύνατα,
1994 4344 2088 4424 παρὰ

495 4447 540 4530 τῷ
561 4448 629 4524 θεῷ
654 4443 777 4505 δυνατά
801 4445 932 4524 φησιν*.
1800 4514 1803 4520 ¹

585 4547 693 4633 ΙΙὸἰί.
717 4546 761 4609 λε.
787 4546 887 4607 1Ἦκει
904 4567 953 4609 σοι
977 4553 1031 4610 καί
1045 4552 1117 4623 νέος
1128 4552 1389 4633 πρωτονοτάριος.
1412 4553 1496 4625 είδος
1518 4553 1554 4613 δὲ
1577 4552 1739 4613 καὶτοῦτο
1762 4548 1941 4624 τελωνικῶν,
2030 4551 2088 4617 82²

495 4650 668 4732 ἐπειδήπερ
685 4649 802 4712 πολλαὶ
814 4657 877 4711 τῶν
891 4650 1047 4714 τελωνίων
1062 4661 1187 4735 μορφαί
1209 4656 1252 4729 ῶς
1275 4660 1329 4717 καί
1351 4661 1413 4718 τῶν
1434 4658 1591 4734 τραγικῶν
1613 4652 1800 4732 δαιμονίων.
1845 4653 1949 4735 2πλήν
1970 4656 2004 4715 τδ
2024 4658 2086 4734 μὲν

494 4753 687 4835 ἐπιτήδευμα
710 4757 850 4817 τοιοῦτον
872 4752 1041 4841 δεδόχθω,
1074 4756 1091 4819 δ
1122 4758 1252 4843 ἐργάτης
1282 4759 1318 4821 δέ
1346 4758 1518 4839 μηδαμῶς·
1546 4752 1610 4821 ῦπὸ
1633 4760 1695 4840 γάρ
1717 4756 1861 4839 όνάγκης
1882 4755 2033 4833 τελῶνης,
2063 4752 2086 4845 f}

566 4879 581 4926 6
599 4874 736 4943 ἐπεγείρας
753 4874 848 4943 potius
866 4893 952 4943 quam
971 4877 1109 4948 ἐπίγειρας
1127 4880 1240 4936 videtur
1257 4880 1400 4949 scripsisse
1418 4879 1551 4933 librarius
1570 4879 1742 4934 Studemund
1757 4887 1791 4948 {³
1812 4880 1900 4934 Lucas
1920 4882 1957 4942 18,
1975 4897 2006 4944 27
