4560 6172
348 574 431 646 1⁸0
1862 573 1939 639 185>

342 750 455 828 χειρῶν
486 745 587 825 άγίων
608 746 738 810 ’ἐκτάσει
767 747 821 809 τόν
850 744 953 809 άλλον
981 744 1212 826 καταπολεμῶν
1240 742 1412 829 Ἀμαλήκ*,·
1449 744 1532 826 πλήν
1562 744 1639 808 ὅσον
1668 742 1724 810 οδκ
1752 745 1802 808 ἐπ’
1832 747 1926 828 ὅρους

344 849 438 924 ἑστώς
459 849 529 914 οὐδ’
549 849 664 933 ἐτέρων
685 857 770 933 χερσὶ
792 854 847 922 τάς
868 849 982 913 ἑαυτοῦ
1005 848 1236 933 στηριζόμενος,
1266 847 1337 912 ἄλλ’
1359 847 1425 912 άπό
1450 849 1616 932 θαλάσσης
1636 849 1670 923 ἐς
1691 850 1869 913 θάλασσαν
1890 850 1926 913 ἐκ

343 957 442 1031 ποδδς
463 955 603 1035 βαδίζων
631 957 647 1019 ό
679 958 874 1039 πατριάρχης
902 961 955 1018 καί
985 954 1086 1019 πάλιν
1116 957 1152 1019 ἐν
1180 951 1279 1042 δμοίῳ
1301 958 1355 1018 καί
1376 951 1508 1038 σχήματι
1530 958 1582 1016 καί
1603 954 1773 1034 βαδίσματι
1802 955 1928 1017 ἐπανα-

344 1065 499 1141 κοίμπτων
521 1059 603 1124 ὅθεν
624 1059 779 1144 ὡρμήθη,
810 1063 924 1141 μικροῦ
947 1060 1015 1123 δεῖν
1036 1058 1164 1144 άπάσης
1185 1065 1237 1144 τῆς
1259 1058 1381 1131 πόλεως
1402 1057 1556 1141 ἑπομένης
1579 1063 1633 1119 καί
1654 1058 1851 1142 προαγούσης
1873 1067 1926 1121 καί

347 1175 472 1247 φωναῖς
494 1165 631 1246 οίκτραῖς
653 1169 706 1226 καί
726 1159 883 1244 μεγάλαις
903 1166 958 1227 τόν
978 1165 1013 1239 ἐξ
1034 1163 1142 1246 ὕφους
1157 1163 1245 1227 ἔλεον
1260 1163 1519 1245 ἐπικαλουμένης,
1540 1167 1595 1224 xva
1612 1163 1764 1250 περιζῶση
1785 1166 1822 1225 τά
1844 1166 1925 1246 τείχη

344 1272 399 1349 τήν
420 1268 633 1351 ἀπρόσμαχον
654 1269 794 1348 δύναμιν
816 1272 870 1329 καί
893 1268 1099 1348 πανταχόθεν
1120 1267 1259 1354 ἐκκλείσῃ
1282 1273 1325 1352 τῷ
1348 1265 1488 1350 πολεμίῳ
1511 1271 1566 1349 τήν
1587 1267 1723 1330 εἴσοδον.
1811 1266 1838 1306 ³¹
1849 1285 1925 1331 συν-

345 1372 446 1455 δρομή
470 1373 506 1435 δέ
527 1377 581 1438 τοῦ
603 1373 752 1454 πλήθους
775 1374 854 1453 πρδς
875 1376 930 1434 τόν
952 1373 1019 1434 ἐκεῖ
1038 1371 1238 1451 περιώνυμον
1266 1376 1318 1455 τῆς
1341 1374 1510 1452 παρθένου
1532 1375 1625 1446 ναόν,
1660 1371 1759 1445 λιταῖς
1787 1394 1818 1434 τε
1839 1395 1924 1435 παν-

346 1477 449 1555 νύχοις
473 1483 526 1538 καί
546 1480 752 1560 πανημερίοις
772 1474 879 1555 εὐχαῖς
899 1479 953 1558 τήν
976 1474 1149 1555 πολιοῦχον
1171 1480 1224 1537 καί
1246 1475 1376 1556 φύλακα
1392 1475 1625 1538 δυσωπούντων
1640 1473 1720 1560 ὑπὲρ
1735 1481 1787 1558 τῆς
1801 1478 1925 1551 πόλεως

347 1584 400 1642 καί
422 1583 476 1663 τήν
498 1581 647 1664 φυλακήν
667 1584 722 1662 τήν
743 1580 832 1642 ίδίαν
853 1584 894 1660 μή
919 1579 1095 1660 προδοῦναι
1117 1579 1398 1661 παρακαλούντων,
1427 1577 1499 1641 άλλ’
1528 1577 1571 1652 ῶς
1598 1579 1749 1660 βασιλίδα
1777 1580 1926 1664 συνήθως

346 1688 558 1768 προστατῆσαι
581 1690 635 1745 καί
657 1684 758 1746 πάλιν
778 1687 830 1766 τῆς
850 1683 1014 1763 βασιλίδος
1034 1689 1088 1746 καί
1110 1685 1164 1766 τήν
1185 1686 1252 1746 κατ’
1275 1682 1369 1766 αὐτής
1389 1680 1584 1771 αἸποτρέφαι
1598 1688 1653 1745 τοῦ
1669 1683 1781 1772 ληστοῦ
1846 1686 1926 1750 263²

347 1788 476 1870 ε’φοδον.
564 1787 592 1827 ⁸2
600 1787 662 1850 κάν
683 1800 746 1860 τοῖς
768 1787 878 1862 ἅλλοις
899 1788 935 1850 δὲ
959 1793 1057 1850 πᾶσιν
1079 1785 1174 1867 ἱεροῖς
1196 1787 1290 1854 ούδέν
1311 1785 1399 1872 ήττον
1420 1788 1549 1851 ἐτελεῖτο
1570 1788 1608 1849 τά
1625 1787 1847 1872 παραπλήσια,
1871 1795 1925 1850 καί

345 1893 483 1971 μάλιστα
507 1894 636 1955 πάντων
657 1895 690 1954 τό
714 1897 766 1973 τής
787 1889 968 1975 ἀπορρήτου
990 1896 1116 1974 Σοφίας
1137 1890 1312 1969 άγιῶτατον
1330 1896 1456 1972 τέμενος
1476 1890 1642 1974 άσιγήτους
1662 1892 1725 1972 είχε
1746 1896 1800 1965 τάς
1823 1892 1924 1978 ὕμνῳ-

348 1997 431 2076 δίας,
457 1997 607 2079 διηνεκεῖς
628 1999 683 2069 τάς
703 1995 808 2075 εύχάς,
830 1995 960 2068 ἐκτενεῖς
982 1999 1037 2070 τάς
1058 1997 1180 2080 δεήσεις
1201 2038 1244 2048 -
1266 1995 1344 2077 ὑπὲρ
1365 2000 1421 2058 τοῦ
1443 2001 1551 2080 στῆναι
1572 1997 1628 2079 τήν
1648 1997 1815 2077 θραύσιν*,
1844 1995 1925 2076 ὑπὲρ

349 2104 404 2164 τού
426 2100 569 2164 κοπάσαι
591 2099 646 2163 τόν
666 2098 827 2174 κλύδωνα,
849 2096 928 2179 ὕπερ
951 2104 1003 2181 τῆς
1017 2100 1141 2184 εἰρήνης
1156 2105 1210 2163 τού
1226 2101 1344 2180 κόσμου
1366 2103 1420 2161 καί
1433 2104 1486 2184 τῆς
1500 2105 1556 2167 τού
1570 2103 1679 2163 κοινοῦ
1693 2101 1926 2172 καταστάσεως·

349 2203 389 2267 οὐ
409 2208 470 2287 γάρ
492 2207 543 2267 εἴα
565 2204 631 2267 τότε
653 2203 826 2265 καθεύδειν
848 2202 967 2267 οὐδένα
989 2205 1102 2282 σχεδόν
1123 2227 1151 2268 τι
1172 2209 1235 2268 τῶν
1256 2202 1410 2267 ἁπάντων
1431 2202 1574 2288 δφόβος.
1597 2203 1666 2283 άμα
1688 2203 1724 2266 δὲ
1746 2208 1799 2265 καί
1812 2206 1924 2284 παρά-

350 2308 458 2392 κλησιν
480 2311 525 2381 εἰς
546 2314 635 2371 τοῦτο
656 2311 800 2390 μεγίστην
820 2310 876 2380 τάς
897 2306 1115 2386 εὐσεβεστάτας
1137 2307 1318 2385 Λδγούστας
1339 2309 1425 2388 εέχον
1446 2307 1477 2371 οἳ
1499 2315 1684 2381 κοπιῶντες·
1719 2305 1768 2381 αίς
1796 2307 1926 2371 πολλῶν

351 2411 560 2494 ὑπαρχόντων
592 2416 646 2472 καί
667 2410 815 2490 μεγάλων
838 2410 1108 2493 κατορθωμάτων,
1140 2416 1226 2477 τοῦτο
1249 2412 1281 2474 ιδ
1304 2415 1366 2475 τῶν
1388 2412 1496 2475 ἄλλων
1518 2413 1676 2492 ἐξαίρετον
1706 2413 1740 2475 τδ
1764 2416 1836 2493 περί
1855 2415 1928 2484 τούς

353 2518 461 2589 θείους
482 2517 588 2586 οἴκους
610 2513 778 2597 φιλότιμον
799 2551 842 2560 -
863 2515 940 2578 ὅσον
959 2539 990 2578 τε
1012 2518 1092 2596 πρός
1113 2515 1304 2596 εὐπρέπειαν
1326 2520 1379 2577 καί
1401 2519 1477 2579 όσον
1498 2517 1544 2589 είς
1564 2515 1730 2601 ὑμνῳδίαν
1748 2555 1797 2590 -,
1821 2514 1928 2599 όφόδ

351 2622 520 2702 τηνικαῦτα
550 2618 648 2680 πλέον
677 2619 885 2692 ἐπιταθέντος
913 2620 946 2681 τό
974 2619 1101 2700 πλήθος
1123 2618 1345 2700 ἐρεθιζόμενον
1367 2617 1444 2702 ὅλην
1465 2620 1524 2704 ήδη
1545 2620 1601 2701 τήν
1622 2620 1717 2683 πόλιν
1737 2621 1826 2683 οδκον
1847 2642 1928 2702 προ-

352 2726 461 2806 σευχής
483 2722 663 2800 άπεδείκνυ,
685 2725 748 2785 τῶν
769 2725 828 2801 μὲν
851 2721 960 2785 ἄλλων
982 2725 1095 2785 πασῶν
1116 2720 1343 2802 άμελουμένων
1363 2723 1528 2804 ἐργασιῶν,
1559 2722 1630 2798 ἐνδς
1653 2724 1683 2787 δ’
1705 2726 1927 2803 ἔργοντούτου

353 2830 443 2908 παρά
466 2831 565 2889 πᾶσιν
581 2825 698 2905 ὁμοίως
713 2826 982 2901 σπουδαζομένου,
1004 2827 1062 2890 οὐκ
1077 2826 1113 2888 ἐν
1129 2825 1133 2911 ί
1149 2827 1259 2900 τόποις
1271 2826 1373 2905 μόνον
1388 2826 1500 2903 άγίοις,
1522 2825 1606 2890 άλλά
1622 2834 1785 2907 πανταχοῦ
1849 2829 1929 2893 264¹

352 2933 414 2992 κάν
435 2940 500 3003 τοῖς
521 2929 631 3002 ἄλλοις
653 2928 717 3012 όπη
740 2935 793 2991 καί
816 2930 902 3008 τύχοι
926 2951 977 3004 τις,
1001 2936 1081 3009 πρὸς
1103 2933 1184 2993 θεὸν
1197 2941 1303 3012 χεῖρας
1318 2932 1436 3011 αἴρειν*
1458 2936 1511 2994 καί
1526 2943 1647 3005 κοιναῖς
1661 2932 1787 2995 ἐκεῖθεν
1802 2943 1928 3011 φωναῖς

353 3035 409 3117 τήν
431 3037 538 3117 κοινήν
560 3037 715 3117 σωτηρίαν
737 3033 922 3114 φιλοπόνως
944 3034 1051 3096 αίτείν.
1145 3031 1260 3113 88πρός
1286 3032 1402 3108 τούτοις
1432 3035 1587 3113 δεσμῶται
1616 3039 1678 3096 τῶν
1700 3034 1824 3114 δεσμῶν
1847 3034 1929 3097 άπε-

353 3138 479 3212 λέοντο,
512 3143 566 3199 καί
592 3149 656 3212 τοῖς
686 3134 879 3210 ὑπευθύνοις
902 3136 1125 3219 φιλάνθρωπα
1146 3138 1184 3200 τά
1208 3140 1305 3220 παρά,
1319 3138 1475 3216 βασιλέως
1496 3136 1639 3221 α’πήντα,
1669 3144 1731 3201 τῶν
1760 3139 1878 3202 ἐνδεῶν
1898 3164 1929 3203 τε

355 3247 483 3323 φροντίς
504 3242 726 3323 έπιμελεστέρα
747 3264 791 3313 τις
814 3239 861 3324 η’ν,
889 3246 942 3301 καί
969 3239 1140 3303 συνελόντα
1168 3242 1278 3316 εἰπεῖν,
1311 3241 1405 3306 οὐδὲν
1431 3242 1589 3305 ἐλλείπειν
1617 3242 1721 3306 ἐδόκει
1742 3250 1805 3306 τῶν
1827 3243 1861 3318 ἐξ
1885 3240 1931 3306 δν

355 3347 433 3419 θεός
454 3344 673 3426 θεραπεύεται.

443 3449 470 3488 ³⁴
483 3447 531 3511 Τά
554 3453 614 3529 μὲν
637 3451 674 3532 δή
697 3456 747 3531 της
770 3452 864 3521 θείας
886 3448 1069 3530 ἐπικουρίας
1091 3449 1171 3512 οὕτω
1195 3453 1370 3532 προμηθῶς
1399 3459 1453 3513 καί
1474 3461 1583 3536 σοφῶς
1603 3451 1621 3518 ὁ
1644 3452 1791 3532 βασιλεὺς
1813 3452 1930 3535 διῳκο·

357 3563 499 3634 νομεῖτο·
523 3551 600 3615 οὐδὲ
621 3555 676 3635 την
698 3554 911 3634 ἀνθρωπίνην
931 3557 1036 3631 μέντοι
1060 3556 1268 3615 παντάπασιν
1289 3552 1418 3630 άπέγνω
1441 3555 1610 3641 βοήθειαν,
1634 3555 1705 3620 ἄλλ’
1727 3557 1761 3618 ἐκ
1781 3559 1845 3619 τῶν
1865 3579 1930 3618 πα-

357 3656 479 3737 ρόντων
502 3655 544 3730 ῶς
565 3658 678 3737 ἄριστα
700 3658 737 3719 τά
760 3660 841 3735 πρός
864 3655 1014 3738 φυλακήν
1035 3679 1066 3719 τε
1087 3660 1139 3738 τής
1162 3657 1282 3731 πόλεως
1312 3662 1365 3719 καί
1391 3665 1454 3722 τῶν
1476 3661 1637 3741 πολεμίων
1657 3661 1844 3744 ἀποτροπήν
1865 3662 1931 3725 διε-

356 3763 439 3823 τίθει
462 3766 515 3821 καί
537 3761 765 3841 παρεσκεύαζε,
794 3761 941 3843 μηχανάς
961 3784 992 3823 τε
1015 3772 1079 3833 τοῖς
1099 3765 1207 3841 τείχεσι
1230 3765 1351 3836 πυκνάς
1372 3763 1510 3843 έφιστῶν
1531 3770 1585 3826 καί
1606 3767 1728 3849 πολλήν
1749 3765 1826 3850 ὕλην
1847 3770 1931 3830 πάν-

358 3868 455 3927 τοθεν
476 3866 543 3928 ἐκεῖ
562 3869 745 3946 συμφορῶν,
775 3863 878 3946 ὁπόση
907 3888 952 3938 τις
977 3864 1086 3943 ἔμελλε
1115 3870 1318 3949 χρησιμεύσαι
1345 3878 1409 3941 τοῖς
1436 3866 1614 3952 ἑκηβόλοις,
1643 3872 1716 3945 τούς
1743 3895 1773 3934 τε
1800 3871 1932 3952 βάλλειν

356 3966 509 4048 εδστόχως
531 3971 664 4058 άνωθεν
683 3969 855 4049 μέλλοντας
877 3969 1085 4047 πολλαχόθεν
1114 3969 1275 4044 πλείστους
1305 3969 1478 4052 άθροίζων,
1511 3978 1565 4034 καί
1596 3974 1727 4058 πληρῶν
1754 3977 1792 4037 τά
1826 3976 1931 4039 πάντα

358 4072 522 4154 φυλάκων,
552 4071 688 4135 άστικῶν
716 4095 747 4134 τε
777 4076 831 4133 καί
859 4075 999 4148 ξενικῶν,
1029 4071 1075 4147 οίς
1105 4075 1149 4147 είς
1177 4074 1344 4147 ἐπιστάτας
1373 4080 1426 4136 καί
1456 4076 1611 4157 ἄρχοντας
1634 4079 1638 4165 1
1662 4079 1731 4153 τοὺς
1753 4078 1789 4142 ἐν
1853 4081 1932 4146 2642

356 4176 436 4240 τέλει
458 4176 561 4240 πάλιν
583 4179 803 4258 καταμερίσας,
826 4176 914 4259 άλλη)
936 4181 996 4256 μέν
1018 4177 1118 4260 άλλην
1137 4178 1245 4258 χῶραν
1260 4177 1433 4261 α’φιόρισεν,
1456 4178 1549 4252 αὐτός
1563 4180 1599 4243 δέ
1616 4192 1679 4255 τοῖς
1702 4186 1782 4245 πάσι
1803 4193 1933 4264 παρεῖχε

358 4286 419 4344 τῶν
442 4286 562 4363 καιρῶν
584 4286 638 4344 καί
659 4287 722 4344 τῶν
743 4283 892 4364 πράξεων
913 4286 950 4344 τά
975 4282 1263 4363 παρακελεύσματά
1289 4307 1320 4346 τε
1351 4289 1404 4345 καί
1435 4284 1473 4345 τοί
1506 4287 1716 4369 συνθήματα,
1745 4291 1798 4346 καί
1827 4290 1933 4351 τοῦτον

359 4389 412 4448 τόν
433 4388 554 4468 τρόπον
583 4386 638 4449 διδ
668 4392 770 4466 χειρός
799 4385 877 4468 όλην
906 4387 992 4465 εῖχεν
1021 4387 1055 4447 ἐν
1085 4371 1244 4470 άσφαλείᾳ
1264 4393 1319 4471 τήν
1341 4387 1449 4451 πόλιν.
1548 4387 1619 4451 85οἳ
1639 4392 1699 4468 μὲν
1721 4387 1776 4454 οὖν
1798 4386 1878 4474 ήσαν
1898 4390 1933 4453 ἐν

359 4491 489 4568 τούτοις,
520 4498 572 4552 καί
595 4501 663 4563 ταῖς
684 4496 746 4552 τῶν
768 4496 877 4567 τειχῶν
898 4489 1058 4569 φυλακαῖς
1079 4491 1351 4572 έπαγρυπνοῦντες
1372 4492 1601 4575 διεκαρτέρουν,
1635 4497 1690 4566 τάς
1716 4493 1850 4567 ἐλπίδας
1877 4518 1933 4574 με-

359 4598 467 4675 τέωροι
490 4602 543 4656 καί
564 4600 620 4667 τάς
642 4602 749 4676 ψυχάς
771 4597 851 4673 πρός
872 4596 906 4655 τδ
928 4593 1056 4673 μέλλον.
1086 4592 1141 4658 οὐκ
1164 4595 1205 4659 ε’τι
1227 4594 1360 4686 μέντ[ο]ι
1380 4596 1546 4680 μελλήσειν
1567 4598 1584 4661 δ
1607 4599 1773 4680 ἐρχόμενος
1788 4599 1934 4676 ἔμελλεν·

359 4698 437 4763 οὕτω
459 4701 520 4781 γάρ
544 4697 649 4773 αὐτοῖς
670 4700 774 4779 ἔχουσι
802 4700 866 4779 μετ’
897 4695 934 4763 ου’
963 4697 1045 4760 πολύ
1074 4697 1218 4774 κάκείνος
1246 4702 1445 4784 ἐξανεφάνη,
1476 4702 1546 4784 άρτι
1574 4707 1648 4765 νέον
1676 4700 1833 4782 άνίσχοντι
1860 4708 1936 4782 μιάς

357 4803 526 4883 σαββάτων
547 4800 625 4887 ήλίφ
648 4809 701 4863 καί
723 4802 815 4874 αὐτός
835 4803 870 4864 ἐκ
893 4802 1023 4883 δυσμῶν
1044 4801 1270 4878 άντανατείλας
1292 4805 1456 4886 λαμπράς,
1488 4806 1584 4896 σχολή
1608 4806 1647 4890 δή
1678 4809 1732 4869 καί
1757 4806 1864 4890 βάδην
1885 4806 1935 4868 ἐπ’

432 4945 463 4994 30
481 4925 559 4982 Exod
579 4944 617 4992 ιγ,
636 4927 783 4992 8-ι613τ
802 4925 876 4979 Num
897 4931 934 4990 τό,
952 4927 1050 4994 4813τ
1068 4925 1131 4980 Tim
1150 4947 1168 4978 α
1186 4932 1243 4992 τ,8

1581 5043 1626 5103 24
