4560 6172
345 571 426 638 1⁷9
1868 570 1931 635 123

342 740 417 811 δους
446 739 619 802 ἀπολιπεῖν
649 737 726 818 ῦμτν
753 748 817 810 τοϊς
848 738 1007 813 έκγόνοις,
1041 744 1095 799 καὶ
1119 738 1125 824 ή
1147 739 1354 819 παραδοῦναι
1374 737 1429 818 τήν
1457 759 1567 819 χωραν
1596 737 1784 822 οἰκουμένην
1851 739 1928 805 158¹

342 843 377 916 έξ
399 841 558 924 ἀοικήτου.
606 840 712 904 stow!
733 840 751 923 η
773 845 833 921 μὲν
854 840 1012 919 εὐεργεσία
1034 846 1179 925 τοιαύτη,
1209 846 1264 903 καί
1284 842 1317 904 τῦ
1342 845 1453 920 θαῦμα
1476 846 1637 914 τυσοῦτον,
1668 846 1723 902 καί
1744 841 1821 904 οῦιω
1845 844 1930 923 πέρα

343 946 544 1023 θαυμάτωυ·
575 940 613 1008 αὖ
634 949 687 1005 καί
709 949 867 1023 τρόπαιον
889 943 982 1016 ἀξιον
1004 940 1021 1004 ό
1046 943 1238 1027 περικαλλής
1259 967 1290 1006 τε
1311 948 1367 1005 καὶ
1387 947 1486 1022 μέγας
1508 939 1598 1016 οὗτος
1621 942 1716 1017 ναός,
1747 945 1930 1016 έπαναστάς

344 1045 471 1117 εἰκότως
492 1051 535 1130 τῷ
558 1048 784 1126 κατορθώματι
816 1050 869 1107 καὶ
898 1048 954 1124 τήν
981 1069 1012 1107 τε
1035 1045 1244 1126 δρακοντείαν
1265 1048 1355 1125 χειάν
1376 1045 1576 1125 ὑποχθόνιον
1598 1046 1740 1111 ἐνταῦθα
1762 1047 1931 1110 καλύπτων

344 1149 390 1219 τίς
413 1151 515 1209 πίστιν
537 1154 591 1212 τοῦ
610 1153 794 1224 γεγονότος,
824 1147 880 1212 τόν
908 1171 939 1210 τε
968 1153 1178 1228 τροπαιοῦχον
1208 1151 1318 1212 τοῦτον
1341 1148 1463 1221 δεικνύς
1485 1147 1744 1231 ἀνεστηλωμένον
1766 1153 1930 1228 πανταχοῦ

345 1255 399 1311 καί
419 1249 597 1330 τιμῶμενον
617 1253 695 1331 μετά
717 1256 769 1335 τῆς
788 1252 915 1334 ἀρίστης
928 1249 1157 1330 ἀνδραγαθίας
1171 1252 1254 1316 πολι)
1264 1249 1298 1313 τό
1312 1250 1530 1331 λαμπρότερον
1545 1252 1737 1335 πλουτουσης
1750 1258 1803 1313 καί
1820 1273 1929 1333 γνωρι·

345 1355 485 1432 μῶτερον
507 1351 584 1433 ὑπὲρ
607 1354 661 1416 τὸν
682 1360 824 1433 μυθικδν
846 1354 1010 1434 δφιοῦχον,
1033 1354 1072 1415 ῦν
1086 1354 1141 1416 έπί
1154 1376 1214 1417 τινι
1229 1353 1333 1437 δήθευ
1353 1354 1467 1435 πράξει
1483 1355 1692 1436 παραπλησίᾳ
1708 1357 1930 1437 κατηστέρισαν

340 1454 492 1537 Ἕλληνες.
544 1456 570 1491 ¹⁴
581 1460 609 1516 τί
631 1458 667 1518 δὲ
689 1458 721 1519 τό
747 1461 896 1522 ἐντεῦθεν
919 1460 972 1518 καί
995 1455 1076 1536 πρὸς
1096 1460 1124 1518 τί
1146 1458 1260 1519 λοιπδν
1283 1455 1301 1518 δ
1325 1458 1443 1527 σκοπός
1472 1461 1525 1517 καί
1556 1455 1573 1537 ή
1605 1456 1689 1539 ῥοπή
1710 1464 1753 1540 τῷ
1775 1460 1911 1541 γενναίῳ
1917 1486 1929 1536 ,·

346 1559 426 1639 ζητεῖ
455 1557 643 1640 φιλοπόνως
672 1564 726 1622 τόν
756 1559 921 1642 ἀναβάτην
949 1562 1027 1637 μετὰ
1054 1563 1109 1621 τὰν
1137 1564 1248 1632 ίππον,
1282 1559 1324 1620 ἶν’
1353 1557 1403 1620 ἐπ’
1434 1557 1630 1639 ἀμφοτέροις
1662 1566 1716 1620 καί
1738 1556 1828 1632 σῦτος
1849 1564 1926 1639 μετά

347 1662 517 1732 Μωσέως*
540 1661 603 1746 ᾅση
625 1665 679 1724 τδν
701 1663 872 1735 έπινίκιον,
903 1660 961 1739 οὐχ
982 1658 1025 1733 ῶς
1047 1660 1186 1743 ῥιφείσιν
1206 1662 1251 1733 είς
1274 1658 1458 1733 θάλασσαν,
1487 1658 1558 1721 ἀλλ’
1581 1660 1624 1733 ῶς
1646 1667 1698 1723 καὶ
1722 1662 1827 1735 αὐτοῖς
1849 1667 1929 1747 ξένῳ

344 1767 453 1845 τρόπῳ
476 1762 750 1844 παραδεδομένοις
771 1765 815 1835 είς
838 1765 987 1843 ὄλεθρον.
1017 1770 1086 1836 πῶς
1113 1761 1170 1828 οῦν
1199 1764 1217 1826 ὀ
1246 1763 1403 1841 βέλτιστος
1431 1761 1578 1825 κάκείνου
1608 1774 1731 1844 κρατεῖς
1764 1764 1855 1828 ἀλλά
1874 1788 1930 1843 μοι

348 1866 353 1950 Q
368 1869 546 1947 χαρίσασθε
559 1870 614 1948 τήν
631 1865 732 1948 ἀκοήν
748 1866 862 1947 μικρόν
876 1865 930 1940 ἔτι,
958 1872 1011 1926 καί
1027 1863 1097 1927 δότε
1111 1868 1167 1948 τήν
1181 1865 1331 1928 διάνοιαν
1345 1863 1424 1948 όλην
1436 1870 1479 1949 τῴ
1494 1865 1585 1950 καλῶ
1599 1864 1784 1950 διηγήματι·
1853 1869 1931 1935 158²

347 1970 445 2030 ἔνθεν
465 1972 526 2048 γὰρ
550 1967 567 2029 ό
592 1967 680 2042 ἀγῶν
702 1966 719 2030 δ
742 1968 777 2030 έκ
798 1967 939 2032 τοιούτου
961 1970 1157 2048 προάγωνος.

437 2070 579 2152 1ίίέπειδή
602 2075 658 2150 τήν
680 2071 819 2152 πατρίδα
836 2075 1004 2151 συμφορᾶς
1017 2070 1185 2152 ἀπήλλαξε
1205 2071 1387 2153 τηλικαύτης
1407 2075 1462 2130 καί
1484 2070 1525 2131 δι’
1546 2068 1618 2142 ἑνδς
1639 2072 1732 2151 ἔργον
1754 2073 1845 2138 τοῦδε
1865 2085 1931 2147 τοϊς

349 2179 506 2248 κατοίκοις
526 2199 557 2237 τε
579 2176 734 2257 σωτηρίαν
756 2178 810 2234 καί
830 2171 932 2254 ἑαυτῷ
953 2175 1157 2255 χρηστοτέρας
1178 2173 1235 2246 τάς
1255 2173 1390 2245 ἐλπίδας
1404 2174 1693 2254 ἐπραγματεύσατο,
1715 2174 1811 2248 πόλις
1822 2181 1931 2251 γείτων

345 2276 509 2358 Ἆμάσεια,
532 2275 627 2350 πόλις
647 2275 786 2359 μεγάλη,
820 2276 914 2347 πόλις
935 2275 1074 2355 ἀρχαία,
1096 2275 1358 2356 πολυανθρωπία
1385 2278 1445 2354 μέν
1476 2279 1530 2335 καί
1558 2286 1623 2348 τοῖς
1651 2277 1762 2349 ἀλλοις
1788 2278 1932 2353 ἀγαθοῖς

350 2382 473 2443 ἀπασιν
495 2379 540 2452 οίς
562 2376 597 2442 αἱ
620 2379 729 2450 πόλεις
751 2375 910 2456 αύχοῦσιν,
944 2376 1018 2442 οὐδὲ
1039 2381 1116 2456 μιᾶς
1134 2374 1319 2457 ὑστεροῦσα,
1350 2377 1583 2456 δεισιδαιμονίᾳ
1616 2377 1652 2440 δὲ
1681 2381 1747 2442 τότε
1767 2389 1882 2460 μικροῦ
1903 2407 1931 2446 τι

349 2493 402 2544 καί
425 2488 538 2544 πασῶν
561 2481 773 2562 διαφέρουσα,
797 2479 880 2542 ὅπου
903 2486 1047 2552 καὶτοὺς
1069 2479 1215 2561 ἀσεβείας
1238 2479 1416 2561 προπότας
1437 2483 1490 2540 καὶ
1503 2482 1566 2541 τῶν
1579 2478 1716 2558 εύσεβείν
1731 2481 1931 2563 αἱρουμένων

350 2587 486 2657 διῶκτας
507 2591 562 2646 καί
582 2590 739 2665 τιμωρούς
759 2583 796 2647 έν
816 2581 910 2672 ἑαυτῇ
940 2583 1118 2661 έδυστύχει,
1147 2579 1245 2646 οἱονεί
1264 2605 1351 2655 τινας
1373 2580 1492 2653 ἀλλους
1524 2581 1660 2660 ἀτεχνῶς
1689 2583 1848 2662 δαίμονας
1866 2597 1931 2660 τοῖς

349 2688 402 2752 ὑπ’
425 2686 528 2753 αὐτῶν
550 2690 732 2768 σεβομένοις
752 2685 996 2769 παραπλησίους
1024 2686 1118 2748 ἔνδον
1148 2690 1258 2768 φέρειν
1279 2684 1518 2768 ἠναγκασμένη,
1545 2683 1722 2748 κάντεῦθεν
1743 2686 1867 2766 ἀσεβῶν
1888 2688 1932 2763 ῶς

349 2790 486 2874 ἀληθῶς
507 2793 598 2874 χοίρῳ
620 2792 702 2876 (κατ’
724 2789 863 2862 έκείνους
885 2786 1005 2874 φάναι)
1029 2797 1232 2867 προσεοικυῖα
1261 2789 1298 2873 τῇ
1323 2787 1528 2866 ένδυναστείᾳ
1556 2811 1587 2851 τε
1614 2793 1677 2850 τῶν
1700 2787 1848 2852 τοιούτων
1877 2797 1932 2852 καί

349 2898 399 2980 τῷ·
414 2894 535 2976 πλήθει
557 2897 619 2956 τῶν
641 2893 708 2956 έκετ
728 2895 865 2970 συνεχῶς
886 2890 1110 2971 κολαζομένων
1143 2896 1196 2951 καί
1217 2894 1423 2970 κτεινομένων
1444 2889 1490 2962 οίς
1511 2890 1545 2957 τὸ
1565 2888 1703 2973 ἔγκλημα
1725 2895 1825 2965 πίστις
1845 2892 1933 2976 ὑγιής

351 3003 406 3058 καί
428 2996 628 3082 δρθόδοήξσς.
676 2995 791 3074 16πρὸς
811 2995 925 3077 ταύτην
946 2992 1063 3057 ῶσανεί
1084 2991 1339 3074 τιστρατόπεδον
1353 2997 1409 3056 τοῦ
1423 2996 1592 3075 στρατηγοῦ
1606 2997 1658 3075 τής
1673 2998 1786 3066 κακίας
1853 2998 1931 3062 159¹

352 3100 368 3162 ὁ
395 3099 541 3182 ἀήττητος
563 3092 651 3171 οὗτος
672 3099 791 3170 ἔνθους
813 3096 910 3177 ὁρμᾷ,
933 3103 987 3158 καί
1006 3100 1084 3176 μιᾶς
1107 3100 1196 3176 φορᾷ
1222 3093 1324 3178 ῥύμης
1344 3095 1391 3167 τίς
1412 3094 1487 3159 αύτδ
1509 3096 1544 3157 τδ
1566 3096 1749 3177 στρατήγιον
1771 3096 1930 3180 ἀνδρικῶς

350 3203 494 3290 είσπηδᾷ.
516 3201 640 3264 ἀσπίδα
661 3206 722 3282 μῦν
743 3198 802 3264 οῦν
823 3198 1041 3280 ἀπολιμπάνει
1064 3202 1117 3260 καὶ
1139 3196 1240 3279 δόρυ·
1276 3194 1294 3260 δ
1318 3197 1346 3259 δ’
1368 3196 1411 3271 ῶς
1431 3197 1491 3280 ήδη
1514 3200 1611 3259 νικῶν
1633 3200 1695 3278 πῦρ
1717 3199 1852 3263 ἀνάπτει
1876 3207 1931 3264 καί

350 3308 600 3389 καταπίπρησιν·
634 3304 651 3366 δ
681 3305 864 3386 ἐμπρησμὸς
893 3303 929 3363 δὲ
964 3304 1019 3364 τδν
1055 3299 1197 3363 δείλαιον
1231 3304 1294 3362 τῶν
1323 3304 1444 3363 σκευῶν
1473 3322 1504 3362 τε
1532 3304 1587 3361 καί
1618 3303 1679 3361 τῶν
1709 3300 1818 3364 ὅπλων
1846 3302 1931 3367 ἀπυ-

349 3422 473 3492 γνμνοτ,
497 3408 753 3490 συνδιαφθείρας
774 3404 844 3484 ἅμα
867 3408 921 3464 καὶ
942 3405 997 3486 τήν
1018 3403 1155 3486 σκηνήν·
1189 3406 1296 3467 πάντα
1325 3405 1387 3485 γάρ
1414 3403 1495 3481 δμοῦ
1525 3406 1646 3464 θᾶττον
1674 3406 1695 3486 η’
1721 3408 1755 3466 τό
1777 3410 1840 3489 πῦρ
1862 3407 1931 3470 ένε-

350 3514 467 3596 βλήθη,
490 3511 761 3593 συγκατεφλέχθη,
784 3513 837 3569 καί
853 3508 954 3589 ψιλόν
969 3497 1123 3589 ἔδαφος·ὶῦ
1144 3504 1275 3587 ἀθρόον
1292 3506 1398 3588 έφάνη
1411 3505 1445 3568 τδ
1466 3509 1529 3566 τῶν
1551 3505 1710 3587 κιβδήλων
1726 3515 1815 3571 θεῶν
1829 3513 1931 3575 είτυυν

349 3614 536 3697 ἀλαστόρων
558 3612 724 3694 δαιμόνων
745 3615 994 3694 κατοικητήριον,
1027 3610 1134 3682 αύτοτς
1155 3609 1298 3682 είδιύλοις
1320 3609 1363 3683 ῶς
1383 3611 1448 3672 ἔδει
1470 3615 1524 3669 καί
1546 3609 1673 3683 ξοάνοις
1695 3618 1933 3694 συντεφρωθέν.

350 3723 435 3782 τοῦτο
466 3715 611 3796 δεύτερον
632 3715 693 3798 η’δη
714 3719 768 3778 τοῦ
784 3712 925 3792 μεγάλου
946 3712 1036 3777 τοῦδε
1058 3716 1274 3792 τριοαριστέως
1304 3714 1395 3794 ἔργον
1422 3715 1476 3771 καί
1503 3715 1690 3787 νεανίευμα·
1723 3713 1799 3796 αὕτη
1822 3721 1932 3779 πᾶσαν

348 3819 499 3902 ἐκλόνησε
520 3821 575 3899 τήν
596 3819 691 3880 πόλιν
712 3818 729 3901 ή
753 3819 883 3897 πρᾶξις·
908 3819 985 3898 αῦτη
1007 3821 1118 3878 πᾶσαν
1139 3814 1270 3898 ήρέθισε
1291 3818 1346 3897 τήν
1368 3817 1513 3896 πονηρὰν
1533 3814 1654 3897 έκείνην
1668 3817 1849 3897 παράταξιν
1869 3823 1932 3881 τῶν

350 3921 475 4001 ἀσεβῶν
496 3922 546 3983 έπ’
570 3919 676 3984 αὐτόν.

439 4024 621 4088 17έντεῦθτν
651 4023 668 4086 ό
696 4028 794 4103 τρίτος
823 4028 877 4083 καὶ
907 4025 1049 4102 μέγιστος
1081 4020 1170 4096 ἀγῶν
1203 4024 1245 4106 τῷ
1273 4023 1409 4104 γενναίῳ
1437 4021 1660 4103 κραταιότερον
1689 4023 1749 4105 ήδη
1776 4029 1853 4101 μετὰ
1876 4028 1931 4088 τόν

350 4127 528 4209 δράκοντα,
558 4127 610 4188 ἐπ’
644 4127 739 4192 αὐτὸν
771 4124 987 4206 ἀνδριζομένῳ
1018 4126 1072 4186 τδν
1102 4124 1234 4200 λέοντα,
1274 4125 1329 4185 τδν
1366 4129 1445 4186 κατά
1482 4128 1538 4198 τάς
1563 4126 1718 4205 γραφείς*
1748 4123 1932 4207 ω’ρυόμενον

351 4231 423 4315 λιταί
437 4234 507 4294 τίνα
524 4233 661 4317 καταπίη
678 4228 835 4311 ζητοῦντα·
856 4228 1005 4292 έντεῦθεν
1019 4227 1181 4299 συστάσεις
1196 4229 1263 4288 κατ’
1278 4224 1373 4291 αύτυῦ
1386 4233 1440 4288 καί
1455 4227 1623 4308 συνέδρια·
1639 4228 1786 4292 έντεῦθεν
1854 4233 1931 4297 159²

347 4335 385 4396 τὰ
407 4337 539 4407 πάντων
560 4332 798 4415 φρικωδέστατα
820 4330 1027 4412 κολαστήρια·
1060 4329 1097 4394 ού
1117 4331 1179 4409 γάρ
1200 4329 1263 4407 είχε
1282 4334 1393 4409 φέρειν
1414 4326 1431 4392 ὃ
1454 4330 1612 4413 ἡττηθείς,
1644 4327 1700 4409 οὐχ
1720 4329 1890 4411 ὑπομένειν
1912 4335 1930 4397 ὁ

347 4437 531 4514 αἰσχυνθείς
563 4434 600 4498 οῦ
621 4443 676 4516 τήν
699 4430 801 4516 ἧτταν,
831 4430 869 4496 ού
891 4441 945 4515 τήν
968 4433 1136 4514 αίσχύνην,
1171 4431 1208 4496 ού
1238 4435 1502 4515 καθαιρουμένην
1522 4438 1579 4516 τήν
1601 4432 1736 4516 πλάνην,
1760 4433 1819 4499 οῦκ
1841 4436 1930 4515 ἰσχύ-

347 4557 447 4603 ουσαν
468 4543 523 4621 τήν
546 4536 717 4620 ἀλήθειαν,
747 4535 829 4598 ὅθεν
857 4535 912 4617 τήν
940 4539 1099 4616 προτέραν
1128 4536 1249 4616 έκείνην
1276 4534 1440 4609 ἀπολέσας
1469 4533 1673 4618 παρασκευήν
1694 4536 1736 4597 δι’
1758 4532 1793 4618 ής
1816 4543 1931 4618 ψυχῶν

345 4642 518 4725 έτνράννει,
541 4637 821 4702 καταδυναστεύων
843 4638 953 4726 ἀπάτη
976 4645 1029 4701 καί
1051 4641 1201 4717 τερατείᾳ,
1225 4635 1322 4718 ὁμόσε
1343 4641 1459 4720 χωρεῖ*
1481 4642 1535 4701 τδν
1552 4638 1783 4700 ἀναιδέστατον
1801 4642 1929 4721 τρόπον,

418 4787 543 4854 14Exod
564 4805 603 4854 15,
622 4807 633 4838 1
657 4789 661 4853 Ι
685 4804 712 4853 ¹5
733 4785 775 4840 (2¹¹²
796 4785 809 4836 ὅ
828 4787 984 4856 έμπρητμὸς
999 4789 1044 4839 τοῦ
1062 4790 1197 4841 είδωλιίοτ
1216 4787 1385 4840 θίαδειαυαδ
1406 4789 1411 4849 Ι
1434 4804 1462 4852 17
1481 4786 1524 4840 0¹¹²
1542 4785 1557 4850 ἢ
1577 4790 1663 4853 κρίσις
1682 4788 1853 4842 θίαδειιιυπδ
1873 4794 1876 4850 Ι
1901 4810 1928 4856 17

344 4861 411 4914 Ροίε
430 4879 448 4911 α
467 4863 524 4926 5,8
551 4857 556 4929 ί
582 4876 610 4924 ¹7
638 4861 702 4926 poet
716 4860 801 4926 χωρεῖ
825 4857 856 4911 in
879 4858 933 4912 fine
953 4876 1047 4913 τοτεοε
1066 4861 1190 4928 spatium
1208 4859 1334 4928 quinque
1353 4858 1512 4913 litterarum
1531 4857 1642 4925 (στοαί)
1662 4875 1781 4912 ττυαιιαι
1800 4861 1930 4917 relictum

1570 4960 1646 5030 16*
1761 4964 1771 4987 ’
