4560 6172
522 523 563 588 16

606 695 733 776 φεύγειν
755 693 834 774 πρδς
856 692 958 756 ἀλλον
980 689 1175 775 ἡμερώτερον
1195 694 1277 770 βίον.

610 798 736 880 μᾶλλον
758 796 793 860 δέ
816 795 908 860 κάκεί
927 834 970 845 -
992 798 1052 878 φεῦ
1074 800 1222 880 πονηρῶν
1243 795 1392 865 ἐλπίδων.

540 904 583 970 45
604 903 634 965 εί
653 903 715 983 γάρ
737 901 774 964 τά
798 905 855 966 νῦν
876 924 931 980 μοι
953 903 1118 980 σπέρματα
1142 899 1222 982 ζωὴν
1245 900 1322 976 λύει,

605 1010 668 1070 τῶν
690 1004 879 1086 σπερμάτων
899 1005 1025 1068 έκετθεν
1047 1001 1078 1067 οἱ
1100 1009 1217 1086 καρποὶ
1239 1008 1317 1078 τίνες
1324 1034 1335 1083 ,·

606 1111 643 1175 σύ
666 1109 752 1195 σῷζε,
776 1112 901 1191 Χριστέ.
923 1107 1000 1192 σῷζε
1023 1107 1062 1192 δη
1085 1108 1133 1184 σύ,
1156 1112 1272 1189 Χριστέ
1293 1132 1366 1191 μου,

608 1218 720 1277 συκαῖ
741 1211 832 1295 χάρις
854 1213 893 1295 ση’
904 1236 912 1254 ·
935 1215 1000 1276 ποό
1020 1213 1081 1296 γάρ
1104 1210 1248 1291 ἀλλαχοῦ
1269 1211 1382 1289 τόπος;

606 1322 650 1392 τίς
671 1317 761 1392 έλπίς
782 1315 883 1399 άλλη,
906 1320 949 1390 τίς
972 1315 1072 1396 πόρος
1094 1319 1263 1398 σωτηρίας,

541 1423 585 1489 50
606 1422 635 1484 εί
655 1425 697 1505 μη
722 1420 768 1497 σύ,
792 1420 926 1497 πλάστα,
950 1419 1046 1503 ῥόστα
1069 1423 1132 1481 τῶν
1154 1416 1369 1499 ἀγνωμόνωνς

521 1631 587 1698 81.
609 1628 665 1700 Εἰς
688 1627 773 1689 λιτόν
794 1622 976 1703 εὐαγγέλιον
997 1626 1165 1705 ένίστορον.

564 1733 635 1795 1Ὠ
657 1734 720 1793 τῶν
741 1728 882 1792 ἀπίστων
904 1734 957 1790 καὶ
978 1732 1079 1805 ξένων
1103 1731 1284 1809 θεαμάτων.

604 1834 704 1898 πάλιν
726 1834 818 1911 λόγος
839 1831 931 1914 σάρξ,
953 1837 1006 1895 καί
1027 1836 1138 1914 βροτδς
1161 1836 1239 1907 θεὸς
1260 1834 1378 1896 πάλιν·

605 1940 740 2018 Χριστός
760 1938 822 2018 γάρ
846 1937 937 2010 αὐτός
959 1933 1062 2020 ἦλθεν
1084 1935 1182 2011 αὖθις
1203 1935 1345 2019 ὑψόθεν,

606 2045 626 2126 ἢ
648 2042 694 2115 δίς
717 2045 904 2120 παχυνθείς,
927 2044 948 2123 ἢ
968 2043 1002 2104 τό
1026 2045 1101 2122 πρὶν
1123 2044 1232 2124 φέρων
1254 2042 1372 2120 πάχος·

564 2149 585 2214 5
607 2145 662 2211 οὐκ
683 2145 718 2222 έξ
740 2145 839 2228 ἁγνῆς
859 2149 918 2224 μὲν
940 2143 998 2232 (τίς
1018 2146 1052 2207 τδ
1075 2144 1234 2228 πρόσθεν)
1258 2148 1437 2226 παρθένου,

606 2249 674 2316 οὐδ’
694 2250 738 2323 είς
755 2248 916 2312 Ἰουδαίαν
936 2272 967 2311 τε
989 2254 1042 2310 καὶ
1066 2248 1290 2331 Παλαιστίνην.

608 2353 696 2442 Ιάλλ’
717 2352 852 2429 ἐνθάδε,
875 2355 969 2436 ξένην
989 2376 1020 2415 τε
1042 2357 1095 2414 καὶ
1118 2360 1230 2436 καινην
1252 2352 1371 2415 πλάσιν

604 2458 771 2532 πλασθείς,
795 2456 851 2519 ἀπ’
875 2456 984 2519 ἄλλων
1004 2455 1188 2538 χρωμάτων,
1211 2455 1267 2536 οὐχ
1289 2455 1442 2537 αίμάτων.

607 2560 624 2625 ό
646 2558 817 2639 τοῦλόγου
839 2558 866 2622 δ
888 2560 1011 2640 ἔλεγχος
1033 2560 1151 2624 ἐκτῶν
1173 2563 1385 2641 πραγμάτων·

543 2669 584 2733 10
603 2664 733 2749 πάρεστι
753 2668 807 2726 καί
828 2664 888 2746 γάρ
912 2667 1218 2745 θαυματουργοῦντα
1240 2664 1371 2741 βλέπειν

603 2773 657 2833 καί
679 2767 803 2850 δρῶντα
826 2773 879 2829 καί
901 2765 1065 2847 πάσχοντα
1087 2771 1140 2828 καί
1161 2770 1218 2830 νῦν
1240 2766 1283 2843 ὥς
1304 2767 1417 2836 πάλαι.

605 2874 736 2954 πάρισα
758 2877 811 2935 καί
833 2871 978 2950 λέγοντος
999 2872 1022 2932 ἀ
1044 2875 1119 2953 πρὶν
1140 2881 1204 2945 τοῖς
1226 2870 1332 2954 φίλοις

604 2980 726 3060 τρανῶς
748 2975 876 3039 ἀκούειν
897 2975 943 3049 είς
963 2979 1085 3057 βροτόν
1107 2978 1271 3057 σωτηρίαν.

604 3084 716 3145 καινόν
737 3084 771 3143 τδ
797 3082 927 3162 θαῦμα.
950 3083 1004 3141 καί
1026 3082 1084 3140 νέα
1104 3080 1168 3158 γάρ
1191 3078 1208 3161 ἦ
1233 3079 1334 3161 χάρις.

542 3188 582 3253 15
605 3186 687 3249 όθεν
707 3183 807 3258 νεάζει
830 3188 884 3245 καί
906 3181 1127 3266 θεόφθεγκτος
1149 3181 1268 3261 βίβλος,

606 3292 667 3353 κάν
689 3287 821 3378 ἀρχαίζη
842 3291 912 3361 τούς
933 3288 1047 3362 τύπους
1068 3290 1130 3350 τῶν
1150 3276 1353 3369 γραμμάτων,

606 3395 651 3468 τός
672 3394 708 3455 έν
729 3390 833 3476 χρόνῳ
857 3395 1000 3474 φέρουσα
1021 3396 1076 3455 τόν
1097 3395 1159 3471 πρό
1182 3395 1235 3456 τοῦ
1256 3393 1381 3474 χρόνον.

605 3499 649 3570 τίς
670 3493 727 3560 οὖν
749 3498 892 3560 τοσοῦτον
913 3494 1091 3576 ἀξιώματος
1111 3494 1220 3576 βάρος,

605 3603 650 3673 τίς
670 3599 724 3662 τόν
747 3602 884 3683 φέροντα
908 3605 1018 3660 πᾶσαν
1039 3597 1075 3659 έν
1095 3603 1174 3678 χειρί
1194 3600 1301 3674 κτίσιν,

542 3708 585 3773 20
606 3711 707 3788 μονη“ν
730 3708 907 3780 ποθοῦντα,
931 3705 1111 3786 καρτερήσει
1132 3702 1288 3782 βαστάσαι
1295 3731 1307 3782 ,·

609 3808 646 3874 οὐ
666 3812 727 3889 γάρ
749 3812 839 3885 ξένος
860 3832 905 3881 τις
925 3809 969 3881 είς
992 3811 1100 3882 ξένους
1122 3809 1188 3889 η”κει
1209 3806 1320 3882 πάλιν,

607 3918 771 3994 Ζακχαίον
793 3914 891 3976 αίτιόν
912 3914 966 3975 τόν
987 3914 1100 3993 μικρόν
1119 3913 1237 3993 μικρόν
1256 3914 1373 3992 στέγην,

606 4015 649 4091 τός
669 4017 742 4082 οὐδὲ
764 4017 902 4101 τράγλης
923 4016 1068 4095 εὐπορῶν
1090 4013 1278 4091 ἀλωπέκων,

605 4120 689 4184 ἀλλὰ
714 4121 873 4206 πρόδηλος
894 4125 956 4183 τῶν
977 4118 1131 4182 ἀπάντων
1152 4118 1313 4202 δεσπότης,

542 4227 584 4295 25
606 4227 783 4308 ἄψαυστος,
806 4225 988 4308 ἀπρόσιτος,
1010 4224 1154 4296 άστεκτος
1175 4228 1278 4306 φύσει,

606 4329 737 4413 πληράν
759 4332 892 4394 άπασαν
914 4323 956 4402 ὥς
979 4326 1137 4408 ἀχάρητος
1159 4328 1265 4388 κτίσιν.

605 4433 677 4496 ἀλλ’
700 4433 742 4507 ὡς
765 4437 844 4507 θεδς
865 4437 925 4514 μὲν
946 4435 1042 4496 ταῦτα
1064 4436 1116 4491 καὶ
1138 4432 1253 4492 τούτων
1274 4433 1375 4511 πέρα·

605 4537 648 4611 τίς
671 4540 750 4619 σάρξ
773 4537 880 4601 δὲκαὶ
902 4540 960 4600 νῦν
981 4534 1038 4598 οὐκ
1060 4532 1197 4608 ἀπαξιοῖ
1217 4536 1334 4616 στέγην.

605 4641 718 4708 οίιοῦν
739 4643 846 4718 ξενίζει
868 4641 1019 4723 δεσπότης
1039 4640 1092 4702 τόν
1114 4636 1277 4714 δεσπότην,

541 4748 584 4813 30
606 4743 623 4808 ό
647 4751 700 4808 καί
724 4747 891 4830 θαλάσσης
911 4747 945 4808 τδ
968 4743 1082 4826 κράτος
1104 4746 1157 4803 καί
1178 4744 1235 4824 γῆς
1257 4741 1337 4821 ἔχων

607 4849 679 4937 ίτδν
701 4850 892 4936 δημιουργὸν
915 4847 1053 4931 οὐρανοῦ
1076 4849 1129 4908 καί
1150 4847 1213 4907 τόν
1235 4843 1334 4908 κάτω·

1537 2352 1593 2418 13²

1542 4850 1598 4915 14¹

1904 3942 1933 3977 22
1944 3927 2029 3980 Lucas
2040 3945 2076 3994 19,
2080 3943 2093 3992 5
2103 3923 2110 3998 Ι

1904 4015 1933 4064 ²3
1949 3998 2109 4052 Matthaeus

1904 4072 1927 4132 8,
1937 4088 1967 4121 20
1978 4092 2009 4115 =
2020 4070 2109 4124 [aucas

1902 4157 1926 4207 ε,
1945 4146 1975 4207 ⁵8

1864 4818 1867 4823 -
1904 4799 1934 4848 30
1952 4781 2111 4836 Matthaeus

1904 4858 1927 4918 8,
1947 4872 1975 4920 27
