4560 6172
506 556 567 618 128
2008 552 2090 619 179

501 726 611 786 τοῦτον
634 728 686 782 καὶ
708 726 763 803 τῆν
785 726 894 785 τούτου
915 722 1056 803 μεγάλην
1079 723 1174 800 χάριν
1196 727 1250 783 καί
1272 724 1422 803 δύναμιν,
1453 719 1489 805 ἧς
1517 728 1554 785 τοί
1585 721 1741 802 μαρτύρια
1770 718 1813 794 ’τός
1842 722 1879 783 τά
1912 723 2012 801 ἄστρα
2035 727 2091 785 τοῦ

501 823 639 903 ούρανοῦ
668 827 709 905 τῷ
739 824 859 904 πλῆθει
892 831 944 884 καὶ
975 823 1017 898 ὡς
1046 823 1064 906 ῆ
1096 826 1200 904 ἄμμος
1231 825 1246 908 ῆ
1279 831 1366 906 παρὰ
1399 828 1432 889 τό
1462 828 1566 907 χεῖλος
1596 831 1648 908 τῆς
1678 825 1863 906 θαλάσσης,
1901 823 1939 885 τά
1970 849 2001 886 τε
2030 824 2093 906 η’δη

501 928 674 1003 γενόμενα,
705 931 759 987 καί
786 928 820 987 τά
852 928 894 988 ἔτι
923 927 1093 1005 γινόμενα·
1137 940 1318 1009 μαρτυρεῖτε
1341 930 1453 992 δὲκαὶ
1476 929 1581 1012 αύτοί,
1605 930 1680 1007 παρ’
1703 926 1748 999 οἷς
1770 925 1805 988 αἱ
1827 929 1890 989 τῶν
1912 929 2096 1006 θαυμάτων

503 1037 599 1113 πηγαὶ
622 1035 675 1090 καὶ
696 1029 728 1091 ολ
750 1035 886 1108 ποταμοί
907 1033 959 1110 τῆς
981 1032 1179 1113 χρηστότητος
1202 1032 1205 1115 J
1230 1045 1367 1110 συνεχεῖς
1389 1039 1442 1094 καὶ
1469 1032 1621 1111 δαψιλεῖς
1646 1038 1699 1091 καί
1726 1028 1869 1103 α’ένναοι,
1893 1034 1946 1090 καί
2016 1030 2092 1093 16λι

502 1137 663 1218 διηγεῖσθε
687 1137 763 1196 καθ’
786 1137 900 1195 έκαστα
924 1131 984 1192 ὅσα
1008 1131 1143 1205 δυνατός
1164 1132 1247 1196 ἐστιν
1267 1138 1414 1207 ἕκαστος·
1437 1136 1498 1211 ἐγω
1524 1135 1553 1194 δ’
1572 1135 1642 1205 ἑνός
1664 1134 1707 1195 ἔτι
1726 1135 1942 1214 μνημονεύσω,
1964 1138 2018 1195 τοῦ
2039 1137 2092 1214 τῆς

501 1342 603 1402 είπεῒν
625 1338 823 1413 ἀναγκάζων.
846 1338 909 1399 ἐστι
931 1341 1037 1398 τοίνυν
1058 1343 1208 1401 τοιοῦτον.

590 1443 735 1504 36Πάλιν
763 1440 877 1522 α’σεβῆς
905 1440 1067 1517 βασιλεία·
1098 1448 1151 1500 καὶ
1182 1441 1328 1519 βασιλεὺς
1359 1444 1521 1520 θεομάχος
1553 1447 1605 1502 καί
1636 1445 1689 1522 τῆς
1717 1441 1762 1513 είς
1784 1445 1922 1520 Χριστόν
1950 1441 2092 1510 πίστεως.

504 1545 680 1628 ἀποστάτης
702 1547 735 1606 τὸ
759 1550 893 1626 πρῶτον,
915 1542 980 1603 είτα
1004 1542 1174 1620 πολέμιος·
1198 1549 1251 1605 καί
1274 1544 1411 1620 διωγμὸς
1433 1546 1532 1622 βαρύς
1550 1542 1665 1615 αὖθις·
1688 1548 1743 1605 καί
1757 1544 1896 1622 χαλεπός
1913 1542 1930 1603 ό
1950 1542 2090 1624 διάκτης,

503 1652 591 1727 είπερ
613 1671 657 1720 τις
678 1650 778 1725 ἕτερος
802 1649 863 1706 τιῦν
884 1646 947 1723 πρὸ
970 1645 1092 1706 ἐκείνου
1114 1649 1298 1723 μανέντων·
1322 1643 1349 1730 ιβ
1370 1671 1404 1723 γε
1427 1654 1480 1707 καὶ
1504 1645 1520 1708 ό
1540 1649 1656 1726 τρόπος
1673 1646 1870 1725 πολύτροπος
1892 1652 1945 1707 καί
1969 1644 1986 1727 ἡ
2010 1647 2088 1706 κατὰ

502 1757 554 1832 τῆς
576 1749 733 1829 εὐσεβείας
755 1749 882 1809 ἐπίνοια
903 1747 1091 1827 παντοδαπῆ
1117 1754 1169 1808 καί
1192 1750 1333 1830 ποικίλη·
1360 1754 1481 1829 προσῆν
1503 1751 1563 1827 γάρ
1586 1753 1621 1836 τῆ
1646 1752 1702 1825 βίᾳ
1724 1754 1777 1808 καὶ
1799 1748 1906 1823 δόλος,
1929 1753 1965 1832 τῆ
1985 1747 2091 1811 αῦθα-

504 1854 575 1933 δείᾳ
598 1859 651 1914 καί
673 1853 862 1929 πανουργία,
886 1853 922 1936 τῆ
943 1851 1105 1929 τυραννίδι
1128 1857 1181 1911 καὶ
1204 1853 1456 1929 δουλοπρέπεια,
1480 1856 1533 1911 καί
1556 1848 1593 1913 οὗ
1615 1859 1669 1930 τῆν
1692 1850 1820 1929 λεοντῆν
1843 1853 1888 1936 (τό
1913 1850 2090 1932 ᾀδόμενον)

504 1955 560 2021 οῦκ
583 1957 814 2038 ἐφικνουμένην
834 1951 929 2031 ἐωρα,
956 1956 1008 2011 καί
1030 1974 1085 2033 την
1107 1952 1276 2036 ἀλωπεκῆν
1298 1949 1513 2033 προοράπτειν
1534 1952 1589 2017 οῦκ
1614 1953 1716 2013 ιῦκνει.
1763 1951 1834 2015 37τοί
1853 1958 1913 2033 μὲν
1930 1953 1987 2017 οὖν
2003 1954 2090 2015 ἄλλα

504 2065 566 2122 τῶν
588 2059 640 2139 ἐφ’
662 2058 792 2136 ἑκάτερα
815 2055 1051 2136 τετολμημένων
1073 2055 1176 2140 αύτῷ,
1210 2064 1264 2117 καί
1296 2059 1357 2118 ὅσα
1388 2058 1573 2138 ῆκολάζωτ·
1598 2057 1616 2135 ῆ
1639 2052 1773 2114 όποιτῦν
1794 2061 1865 2129 τοὺς
1887 2058 2092 2136 εόσεβούντας

504 2164 672 2235 ἐκάκωσεν,
707 2159 839 2238 ἱστορίαι
868 2163 922 2217 καί
950 2157 1055 2234 βίβλοι
1083 2163 1161 2220 κατά
1195 2161 1313 2232 πλάτος
1343 2161 1653 2237 έκτραγωδείτωσαν·
1678 2156 1682 2243 ῆ
1707 2155 1789 2218 ἀλλ”
1809 2158 1877 2221 οίον
1907 2161 1946 2241 δῆ
2016 2162 2092 2224 167²

504 2270 591 2328 τοῦτο
611 2268 790 2346 μηχανᾶται
820 2265 874 2320 καὶ
903 2272 1073 2338 κακουργεῖ
1099 2263 1142 2334 τίς
1172 2263 1265 2337 ἄξιον
1287 2262 1420 2345 άληθῶς
1443 2268 1494 2341 τῆς
1516 2260 1706 2339 α’καθάρτου
1729 2259 1876 2334 διανοίας
1897 2263 2016 2344 ἐκείνης
2038 2268 2093 2323 καί

505 2365 756 2447 φιλοδαίμονοςί
778 2371 885 2446 παρῆν
908 2365 925 2428 ὁ
948 2368 1059 2445 καιρός
1081 2363 1175 2437 αότδς
1197 2362 1301 2440 στ’τος,
1337 2373 1389 2426 καί
1412 2372 1467 2446 τῆν
1490 2364 1615 2444 πρωτην
1638 2361 1691 2444 η’γε
1712 2367 1765 2444 τῆς
1786 2364 1966 2445 ἐγκρατείας
1990 2364 2005 2448 ῆ
2029 2369 2092 2444 βα-

506 2469 585 2541 σιλὶς
609 2472 662 2528 καὶ
685 2468 790 2550 πρώτη
812 2473 875 2529 τῶν
897 2470 1036 2532 πόλεων·
1072 2467 1212 2548 ῆγιάζετο
1237 2469 1272 2528 δὲ
1292 2471 1373 2530 κατά
1393 2476 1449 2549 τῆν
1471 2467 1601 2546 ἐντολῆν
1625 2466 1641 2547 η“
1666 2471 1805 2548 νηστεία,
1840 2474 1894 2528 καὶ
1915 2469 2036 2543 εῦαγως
2056 2471 2091 2530 τι)

505 2572 690 2654 δρθόδοξον
710 2575 766 2643 τοὶς
787 2575 951 2652 νηστίμους
972 2571 1087 2632 ἐτέλει·
1110 2571 1174 2632 ἔδει
1197 2571 1233 2631 δὲ
1256 2574 1335 2631 κατά
1358 2579 1413 2652 τὴν
1435 2569 1574 2651 ἑβδόμην
1595 2572 1710 2651 ταύτην
1728 2568 1849 2650 ῆμέραν
1871 2576 1925 2631 καί
1940 2571 2094 2634 α’ναπαύ-

506 2691 598 2754 σιμον
621 2671 776 2745 κάκείνοις
799 2671 959 2755 α’νεθῆνοιι
981 2680 1014 2735 τό
1039 2672 1198 2748 σύντονον,
1224 2679 1278 2734 καὶ
1299 2683 1433 2754 τροφαῖς
1452 2670 1640 2748 όγνοτάταις
1658 2675 1691 2736 τδ
1710 2653 1838 2753 πλῆθος
1852 2673 2091 2754 άνακτηθῆναι,

506 2782 542 2867 τῆ
563 2801 594 2840 τε
617 2776 700 2863 άλλη
723 2780 931 2854 κακοπαθείᾳ
954 2780 1007 2838 καὶ
1028 2779 1064 2863 τῆ
1087 2775 1193 2854 ἀσιτίᾳ
1216 2777 1340 2855 κάμνον
1362 2775 1420 2854 οὐχ
1443 2774 1560 2857 ῆκιστα.
1612 2776 1673 2838 18τί
1696 2779 1764 2839 ποτ’
1785 2776 1841 2841 οῦν
1863 2777 1881 2859 ῆ
1905 2780 2094 2852 κακότεχνος

508 2881 653 2944 ἐνταῦθα
678 2880 784 2960 ψυχῆ,
812 2882 841 2941 τί
863 2884 943 2958 πρός
965 2883 1063 2942 ταῦτα
1085 2880 1201 2958 τυρεύει
1224 2885 1278 2939 καί
1299 2890 1466 2958 σκαιωρεῖς
1497 2878 1634 2959 ἁρπάζει
1663 2878 1719 2963 τῆν
1741 2881 1863 2962 ἡμέραν
1885 2877 1928 2951 ὥς
1948 2881 2092 2958 ἕρμαιον,

506 2988 560 3044 καὶ
582 2982 681 3044 οἶονεί
701 3004 772 3044 τινα
795 2982 904 3063 θῆραι·
926 2981 1151 3062 λαμπροτάτην
1172 2987 1246 3043 τίσω
1269 2981 1463 3057 συγκλείσας,
1493 2984 1549 3055 τὰς
1570 2985 1669 3064 ἄρκυς
1691 2983 1788 3049 αὐτοῦ
1810 2986 1881 3063 περὶ
1901 2985 1958 3063 τῆν
1979 2979 2095 3055 ἔξοδον

506 3089 641 3167 τίθησιν,
675 3086 716 3146 ίν’
740 3087 759 3165 ῆ
782 3084 864 3167 λιμῷ
885 3085 1121 3166 κατεργάσηται,
1144 3089 1284 3163 συνέχων
1306 3087 1412 3160 ἐντός,
1444 3088 1464 3168 ῆ
1485 3096 1553 3158 ταῖς
1576 3088 1697 3161 πάγαις
1718 3088 1963 3166 ἐμπεπτωκότος
1985 3085 2093 3164 άπρο-

506 3187 609 3260 όπτως
631 3185 692 3261 ἔξω
715 3186 868 3274 συλλάβη.
888 3188 985 3270 ταύτη
1006 3209 1052 3249 τοι
1076 3192 1130 3247 καὶ
1152 3193 1219 3248 πᾶν
1240 3185 1378 3268 άφαιρεῖ
1397 3195 1450 3270 τῆς
1472 3186 1594 3268 α’γορᾶς
1616 3189 1717 3265 ἁγνόν
1730 3194 1844 3272 βρῶμα
1867 3195 1974 3274 καὶτῷ
1991 3193 2092 3272 καιρῷ

506 3290 710 3373 πρόσφορον·
744 3293 913 3373 προτίθησι
941 3290 976 3351 δὲ
999 3292 1078 3351 κατὰ
1100 3288 1133 3352 τὸ
1164 3295 1402 3370 γεγραμμένον*
1429 3291 1544 3370 ἄρτους
1567 3289 1810 3378 ῆλισγημέῆνους,
1833 3299 1886 3354 καί
1907 3297 1945 3355 τοὶ
2017 3292 2095 3357 168ι

506 3394 619 3457 ἑαυτοῦ
640 3392 843 3455 εἰδωλόθυτα
866 3393 971 3471 οἷσπερ
994 3398 1082 3464 τινὰς
1104 3397 1257 3474 συνῆθεις
1279 3391 1401 3473 τροφάς
1423 3399 1466 3477 τῷ
1497 3396 1554 3458 τοῦ
1575 3401 1711 3477 Χριστοῦ
1733 3397 1910 3477 προβάλλει
1933 3398 2012 3478 λαῷ,
2036 3393 2094 3474 ούχ

507 3499 549 3559 ῖν’
570 3499 721 3561 ἐντεῦθέν
742 3518 770 3558 τι
792 3497 908 3583 βλάψη
931 3498 1001 3566 τοὺς
1031 3497 1251 3574 μετασχόντας,
1283 3498 1312 3556 εἰ
1341 3502 1394 3557 καί
1423 3501 1572 3576 μετέσχον
1601 3503 1685 3583 (πῶς
1715 3503 1797 3578 γάρ,
1831 3497 1876 3573 ολς
1911 3504 2024 3580 σαφῶς
2057 3501 2092 3559 τδ

507 3599 692 3664 οίνεύθυνον
715 3598 731 3681 ῆ
757 3601 871 3672 ἄγνοια
894 3602 1100 3677 περιεποίει),
1130 3598 1200 3659 ἄλλ’
1230 3605 1284 3660 ῖνα
1314 3599 1486 3664 κάνταῦθα
1517 3600 1573 3682 τῆν
1601 3605 1704 3665 πίστιν
1731 3604 1907 3689 ἐπηρεάσῃ,
1940 3597 1994 3662 καί
2016 3598 2095 3684 (οίος

506 3705 639 3786 ἐκεῖνος)
662 3702 881 3786 ἐπαγγελάση*
902 3705 984 3780 μέγα
1008 3712 1196 3780 χριστιανοῖς
1214 3706 1266 3761 καὶ
1283 3702 1421 3788 ἐμπαίξη
1441 3709 1495 3763 καί
1512 3702 1659 3785 λαμπρός
1677 3704 1832 3786 λαμπρούς
1845 3706 2094 3788 ἐμπανηγυρίση,

507 3808 737 3887 κατευωχηθείς
759 3803 862 3868 αὐτοῖν
883 3812 935 3886 τῆς
958 3802 1061 3884 δῆθεν
1083 3803 1276 3886 κουφότητος
1299 3811 1353 3865 καί
1375 3811 1426 3887 τῆς
1450 3809 1531 3883 πρδς
1551 3806 1678 3889 άπότην
1691 3808 1837 3881 εὐκολίας
1860 3816 1911 3869 καί
1925 3807 2094 3886 ἐλαιγρίας,

509 3905 536 3991 ολ
558 3910 597 3991 δῆ
621 3913 675 3968 καὶ
696 3907 827 3990 πλῆξειν
849 3906 957 3983 ἔμελλε
982 3907 1089 3980 πλέον,
1114 3905 1156 3979 ῦς
1169 3911 1407 3987 μεμιαμμένους
1426 3908 1595 3989 ἐντρέπων,
1619 3911 1683 3990 ηἐλ
1699 3911 1819 3992 οἷνέδην
1839 3909 2095 3990 ὡςότεροδόξους

506 4012 701 4090 ἐτιμωρεῖτο·
734 4012 815 4076 *τοῖς
843 4014 905 4089 γὰρ
935 4007 1070 4083 εὐνενέσι
1100 4008 1283 4089 φρονῆμασι
1315 4010 1397 4074 πολὺ
1422 4017 1474 4091 τῆς
1504 4013 1663 4086 κολάσεως
1691 4013 1866 4095 βαρύτερον
1898 4013 1915 4096 ῆ
1951 4013 2091 4093 αίσχόνη.

508 4111 582 4194 ’ἐῆν
606 4111 664 4177 ούν
685 4114 738 4176 ἐπὶ
761 4115 864 4193 ξυροῦ
881 4111 916 4176 τό
940 4110 1057 4186 δεινόν,
1087 4116 1140 4170 καὶ
1163 4111 1223 4192 ἤδη
1246 4125 1423 4192 προχωρεῖν
1445 4114 1575 4194 ἔμελλεν
1599 4114 1616 4197 ῆ
1638 4118 1761 4198 μηχανῆ
1785 4120 1829 4198 τῷ
1851 4119 1978 4204 τεχνίτη.
2009 4118 2037 4176 τί
2058 4115 2095 4177 δέ

507 4211 599 4289 οὗτος
621 4215 637 4277 ό
657 4220 756 4296 μέγας
778 4214 912 4298 ζηλωτῆς
932 4218 986 4277 τοῦ
1009 4214 1111 4278 καλοῦ
1132 4219 1185 4274 καὶ
1208 4219 1259 4296 τῆς
1282 4220 1396 4289 κακίας
1418 4217 1593 4289 άντίπαλος
1604 4246 1615 4294 ,·
1638 4220 1742 4280 οἳτοίν
1760 4217 1949 4301 ὀφθαλμῶν
1965 4220 2095 4280 ἐκείνων

507 4327 570 4383 τοῖν
592 4318 790 4401 α’λαθῆτωνί
822 4321 921 4399 οίτῆς
943 4317 1102 4395 διαπύρου
1127 4317 1337 4399 θερμότητοςί
1366 4319 1431 4382 εἶδε
1461 4322 1628 4400 παρετιθύς
1649 4321 1683 4381 τὸ
1705 4321 1889 4397 γινόμενον·
1924 4323 2095 4403 ἐφοίρασεν

508 4424 551 4498 ὥς
573 4424 702 4502 τάχιστα
723 4422 779 4505 τῆν
800 4422 953 4499 ἐνέδραν
993 4418 1137 4504 ἐζῆλωῆσε
1160 4424 1214 4480 καί
1235 4422 1337 4483 πάλιν
1359 4422 1440 4503 ύπέρ
1463 4427 1515 4504 τῆς
1539 4427 1684 4494 πίστεως·
1708 4425 1853 4506 ἐμίσησεν
1875 4425 1949 4487 άδι-
2018 4425 2095 4490 168²

507 4531 605 4589 κίαν·
633 4527 763 4609 α’ντέστη
784 4533 826 4609 τῷ
851 4530 998 4608 πονηρῷ·
1023 4521 1079 4586 οῦκ
1102 4522 1209 4603 ῆνεγκε
1234 4527 1287 4604 τῆν
1309 4524 1400 4604 ῦβριν
1421 4534 1475 4591 τοῦ
1498 4528 1711 4602 μισοχρίστου·
1736 4522 1774 4589 ού
1796 4529 1937 4609 φορητῆν
1959 4523 2095 4610 ῆγῆσατο

505 4637 558 4693 τοῦ
581 4629 727 4710 ὑβριστοῦ
750 4631 805 4708 τῆν
827 4629 1003 4709 σκαιότητα.
1027 4626 1152 4707 φθάνει
1175 4635 1342 4707 τοιγαροῦν
1365 4632 1420 4711 τῆν
1436 4627 1570 4708 ὀξύτητα
1590 4631 1643 4691 τοῦ
1660 4625 1727 4688 τότε
1747 4634 1859 4709 καιροῦ
1874 4634 2096 4713 συντομωτέρη

505 4732 590 4811 τάχει
614 4736 668 4793 καί
690 4731 842 4817 ὀξυτέρῳ,
875 4734 928 4792 καί
949 4734 1004 4791 τόν
1034 4724 1119 4809 ἱερέα
1141 4735 1194 4811 τῆς
1216 4729 1340 4804 πόλεως
1361 4731 1447 4810 ῦπαρ
1470 4729 1667 4811 άφυπνίσας,
1690 4728 1747 4793 οῦκ
1770 4732 1866 4814 ὄναρ,
1898 4729 2093 4809 οίπαγγέλλει

577 4861 607 4922 3⁶
617 4854 658 4909 (1ΙῘΙ
672 4854 733 4922 περί
744 4853 789 4906 τοῦ
798 4850 1022 4921 πρωτοσοιββότοο
1042 4853 1212 4905 θίαδττιταιιδ
1226 4855 1231 4917 1
1248 4857 1277 4921 38
1291 4853 1502 4917 Malachias1‚7
1520 4859 1524 4916 Ι
1541 4857 1570 4920 38
1584 4853 1745 4922 Stephanus
1754 4855 1795 4908 III
1806 4860 1864 4923 1361
1883 4863 1887 4916 Ι
1904 4861 1933 4922 38
1948 4856 1989 4910 0²²
1998 4854 2097 4925 χναίμη
