4560 6172
1729 549 1768 615 87

266 724 359 793 162.
390 724 436 797 ξγ.
472 719 572 785 1Ἔδει
595 722 629 783 τό
650 717 814 798 βασίλειον
837 718 969 799 ἀγαλμα
998 721 1054 801 τήν
1074 715 1227 795 βασιλίδα
1249 715 1347 781 πόλιν
1369 726 1515 797 κοσμεῖν·
1547 715 1602 780 διά
1624 724 1713 784 τοῦτο
1736 724 1769 784 σέ

179 831 239 910 μὲν
261 825 305 900 ῶς
324 827 461 908 ἔπρεπεν
482 823 653 902 ἔγκόλπιον
675 821 737 902 ἔχει
758 824 835 903 μετά
859 824 922 885 τῶν
945 820 1067 905 ἀρετῶν
1088 824 1142 883 καὶ
1163 824 1227 883 τῶν
1240 819 1357 897 λόγων,
1380 824 1434 884 καὶ
1449 822 1509 883 τῶν
1524 819 1635 885 ἀλλων
1649 823 1769 900 καλῶν,

178 928 264 1016 οίςή
296 932 373 992 θεία
404 949 438 991 σε
464 920 558 1009 χάρις
591 925 795 1007 ἀξιοπρεπῶς
826 924 1081 999 κατεπλούτισεν,
1112 923 1196 1007 ήμάς
1226 923 1262 986 δὲ
1290 922 1421 1003 μακράν
1443 921 1685 1004 ἷάπεσκυβάλισε
1717 932 1772 991 καὶ

179 1034 363 1119 ἀπέρριψεν
385 1032 501 1096 ἀσανεί
530 1031 686 1114 συρφετόν
713 1050 784 1093 τινα
813 1033 867 1090 καὶ
890 1029 991 1111 ἀχνην
1020 1029 1104 1107 κῦμα
1133 1024 1328 1091 θαλάσσιον.
1375 1026 1468 1090 Βἀλλ’
1498 1027 1566 1091 ἐπεὶ
1597 1032 1636 1093 τά
1665 1031 1771 1114 φίλων

179 1140 283 1213 κοινά,
306 1141 549 1216 κοινοποιοῦμαι
570 1137 630 1213 μέν
652 1134 747 1209 ἔγωγε
770 1133 825 1215 τήν
847 1133 905 1214 σήν
926 1129 1118 1211 εὐπραγίαν,
1151 1132 1280 1211 καὶτῆς
1304 1153 1331 1192 τε
1355 1129 1452 1213 δόξης
1472 1133 1611 1211 μετέχειν
1633 1132 1769 1217 ήγοῦμαι

179 1245 308 1325 καὶτῆς
330 1241 428 1322 ἀλλης
450 1239 631 1322 εὐημερίας·
661 1237 807 1298 κοινῶνει
838 1234 873 1297 δὲ
903 1238 956 1297 καὶ
986 1232 1078 1306 αὐτὸς
1110 1232 1170 1296 όσα
1193 1233 1245 1296 δεῖ
1264 1237 1327 1297 τῶν
1348 1234 1493 1297 ἐνταῦθα
1516 1236 1696 1318 φροντίδων
1717 1245 1771 1301 καί

180 1349 395 1428 περιστάσεων
417 1354 481 1416 τοῖς
503 1353 570 1414 σοῖς
592 1339 785 1423 ἀποδήμοις,
808 1341 862 1401 καὶ
883 1341 926 1422 μή
949 1337 1050 1418 μόνος
1069 1340 1103 1400 τό
1125 1336 1259 1420 χρηστόν
1278 1334 1458 1415 ἀπολαβών
1479 1338 1540 1417 ἔχε,
1562 1342 1650 1404 τοῦτο
1673 1341 1711 1423 δή
1735 1343 1769 1405 τό

179 1452 242 1513 τῶν
263 1446 478 1534 τραΙγῳδῶν*,
502 1444 587 1507 ἀλλά
611 1445 743 1506 καὶτῶν
758 1446 871 1505 πόνων
893 1441 929 1504 έν
949 1443 1037 1521 μέρει
1060 1438 1361 1521 συναντιλαμβάνου
1385 1446 1428 1524 τῶ
1452 1442 1546 1526 φίλῳ,
1569 1447 1624 1505 ίνα
1693 1444 1771 1510 102²

179 1552 261 1614 καθ’
275 1550 353 1615 ὅλου
370 1551 493 1624 δίκαιος
508 1548 554 1638 η’γς,
578 1549 709 1620 δικαίως
723 1550 776 1608 καὶ
789 1548 863 1618 ἴσως
879 1544 1010 1607 διαιτῶν
1022 1544 1115 1626 φιλίην
1131 1549 1184 1607 καὶ
1201 1544 1317 1628 φίλοις.
1352 1545 1427 1607 ε’καί
1448 1560 1495 1608 σοι
1520 1551 1713 1628 παραμείνοι
1735 1551 1769 1612 τό

178 1655 350 1740 εὐπραγεῖν
378 1653 595 1736 χρονιώτερον,
629 1649 672 1722 ῶς
698 1654 752 1712 καί
780 1646 816 1714 εὐ
842 1649 962 1738 δράσης
991 1649 1106 1723 πλείω,
1139 1646 1266 1728 μᾶλλον
1288 1650 1325 1711 δὲ
1347 1646 1565 1732 ἀναφαίρετον
1587 1656 1641 1713 καὶ
1662 1652 1772 1716 ἀίδιόν

176 1782 227 1824 σοι
250 1765 379 1843 προσείη
400 1761 478 1838 μετὰ
501 1761 556 1838 τήν
577 1756 726 1818 ἐντεῦθεν
747 1752 914 1834 εὐημερίαν
936 1753 989 1814 έπί
1010 1753 1066 1834 τήν
1087 1752 1156 1814 ἐκεῖ
1176 1750 1333 1830 διαβάντι.

266 1867 362 1933 163.
394 1863 443 1938 ξδ.
480 1861 651 1924 ιΔέσποτά
681 1877 744 1937 μου
773 1854 842 1933 ἀγιε
871 1859 925 1917 καὶ
953 1858 983 1917 εἴ
1002 1879 1029 1918 τι
1051 1855 1152 1918 πλέον
1173 1852 1284 1932 ἀγίου,
1316 1856 1405 1936 οἶμαι
1436 1859 1493 1921 τόν
1514 1855 1593 1937 ἐμόν
1615 1857 1771 1944 δεσπότην

179 1967 358 2048 θαυμάζειν
388 1970 471 2040 τίνος
498 1964 592 2044 χάριν
622 1965 675 2022 καὶ
709 1963 777 2032 πῶς
806 1960 858 2021 ἐπὶ
880 1962 1027 2023 τοσοῦτον
1051 1957 1218 2039 ὐπέμεινεν
1241 1955 1257 2021 ὃ
1282 1956 1399 2031 δοῦλος
1421 1963 1558 2044 σιγῆσαι.
1590 1960 1662 2024 ἀλλ’
1682 1963 1712 2025 εί
1734 1967 1767 2026 τὰ

179 2076 304 2154 πνεῦμα
326 2074 380 2136 τοῦ
403 2074 485 2133 θεοῦ
505 2068 539 2130 τό
563 2066 711 2128 ένοικούν
733 2064 769 2125 ἔν
792 2060 875 2145 αὐτῷ
898 2067 952 2126 καί
975 2065 1009 2125 τό
1032 2062 1239 2144 ότορατιιιόν*
1261 2059 1356 2126 αὐτοῦ
1378 2061 1520 2143 χάρισμα
1534 2065 1771 2150 ἐπιστραφῆναι

178 2173 280 2257 βραχύ
302 2198 330 2238 τι
352 2179 406 2236 καὶ
427 2173 508 2251 πρὸς
528 2172 583 2252 τήν
606 2169 756 2247 ἔσχατιάν
779 2164 891 2249 η’ξίωσε
913 2164 1036 2249 ταύτην,
1070 2170 1124 2228 καί
1145 2167 1216 2239 τούς
1237 2165 1383 2228 ἐνταῦθα
1406 2165 1570 2242 κλύδωνας
1592 2169 1691 2247 ἔγνω,
1724 2170 1770 2245 οίς

179 2277 268 2361 ήμεῖς
288 2275 472 2356 ένετύχομεν
495 2274 585 2353 παρὰ
608 2272 663 2354 τήν
686 2269 814 2352 πρῶτην
835 2268 936 2343 εὐθύς
963 2275 1039 2351 πρίν
1069 2272 1090 2353 ἢ
1120 2269 1233 2349 σχεδον
1261 2268 1463 2350 ἀμφοτέρους
1491 2272 1561 2345 τούς
1591 2274 1697 2349 πόδας
1726 2275 1772 2351 είς

179 2387 214 2445 τὸ
235 2384 288 2463 τῆς
309 2380 416 2460 χῶρος
438 2376 584 2459 ἔδαφος*
611 2380 738 2458 θεῖναι,
769 2372 952 2438 τούναντίον
981 2376 1024 2435 ἀν
1054 2373 1144 2452 οἶμαι
1171 2372 1298 2452 μᾶλλον
1326 2373 1499 2455 έθαύμασε
1529 2378 1599 2450 πῶς
1627 2383 1682 2440 καί
1714 2382 1772 2444 νῦν

179 2484 383 2570 ἠδυνήθημεν
405 2481 539 2566 ἀφεῖναι
562 2480 687 2562 φωνήν,
719 2476 827 2560 ἐπειδή
860 2479 939 2539 καθ’
970 2475 1054 2557 άπερ
1087 2473 1155 2538 ἀπό
1186 2476 1393 2560 συνθήματος
1423 2475 1518 2551 αὐτός
1546 2501 1578 2541 τε
1608 2480 1679 2563 ἀρτι
1709 2484 1772 2545 τῶν

180 2590 291 2654 πόνων
311 2591 365 2671 της
385 2585 574 2666 ὁδοιπορίας
595 2582 693 2665 ἔληξα
716 2581 820 2661 μόλις,
842 2580 897 2643 όιά
921 2579 1056 2662 διμήνου
1077 2582 1193 2663 μικροῦ
1213 2581 1268 2663 τήν
1290 2583 1407 2661 μεταξύ
1429 2579 1625 2668 Ιδιοόεύσας,
1695 2587 1772 2652 103¹

179 2698 234 2755 καί
254 2694 452 2774 παραχρῆμα
475 2685 667 2767 πνευμάτων
688 2685 822 2764 ἐμβολαί
846 2684 1123 2768 προσυπήντησαν,
1147 2688 1202 2746 καί
1223 2685 1402 2763 καταιγίδες
1423 2690 1478 2748 καί
1493 2684 1650 2761 λαίλαπες
1663 2693 1773 2753 κακῶν

180 2799 357 2879 περιέσχον,
380 2793 401 2878 η’
421 2816 452 2857 τε
475 2791 631 2853 θάλασσα
652 2791 716 2853 τῶν
738 2791 924 2871 πειρασμῶν
945 2784 1020 2872 ἡμῖν
1042 2787 1217 2870 ἔπωρύετο,
1248 2794 1302 2850 καί
1325 2792 1501 2873 συμφορῶν
1523 2789 1608 2875 ήμάς
1630 2793 1772 2859 κίνδυνοι

179 2899 389 2979 πανταχόθεν
418 2899 666 2979 περιεδόνησαν·
705 2892 788 2973 άπερ
818 2891 916 2967 οὕτως
946 2890 1063 2974 ἀθρόα
1098 2912 1154 2973 μοι
1188 2896 1242 2954 καί
1278 2899 1358 2956 κατὰ
1390 2890 1505 2958 ταύτόν
1537 2897 1772 2977 προσπεσόντα,

180 3005 318 3086 ἐμαυτοῦ
340 3024 372 3065 τε
394 3001 563 3084 ἐξέστησαν
584 3001 633 3084 (τό
656 2994 780 3079 ἀληθὲς
800 2998 862 3075 γάρ
885 2995 962 3082 έρῶ)
992 2996 1036 3079 τῶ
1064 2994 1220 3081 αἰφνιδίῳ
1248 2996 1408 3081 πληγέντα
1430 3001 1485 3059 καὶ
1506 3002 1550 3084 τῶ
1571 3005 1663 3083 παρά
1687 3001 1770 3068 πολύ1

181 3111 244 3171 τῶν
265 3105 418 3169 ἔλπίδων.
465 3104 539 3167 2καί
561 3100 598 3168 οὐ
621 3105 674 3166 τοῦ
697 3110 831 3184 φρονεῖν
852 3095 911 3187 (ῶς
933 3098 1045 3182 ἔδοξα)
1066 3100 1180 3179 μόνον,
1216 3098 1302 3163 ἀλλά
1332 3105 1387 3165 καὶ
1415 3098 1510 3167 αὐτοῦ
1539 3106 1593 3169 τοῦ
1624 3104 1679 3189 ζήν
1701 3105 1773 3169 έπι-

181 3211 387 3296 λελησμένος,
411 3206 602 3291 ἀπηνέχθην
625 3204 677 3271 ὐπ’
699 3203 829 3266 ἔκείνων
851 3202 927 3276 ύλος
949 3207 1003 3265 καὶ
1026 3205 1217 3287 παρεσύρην,
1247 3204 1384 3291 ἄθλιος,
1416 3204 1542 3291 ἀήθης,
1566 3206 1775 3290 ἀγύμναστος,

181 3314 368 3397 ἀμελέτητος
401 3312 549 3376 τοιούτων
579 3312 704 3393 κακῶν,
736 3313 790 3370 καί
818 3307 906 3382 τέλος
935 3307 981 3381 είς
1013 3307 1152 3385 πέλαγος
1181 3304 1316 3391 ἀκηδίας
1342 3307 1474 3393 έοχάτης
1503 3308 1687 3396 ἀπερρίφην
1719 3320 1773 3377 καί

182 3417 345 3498 ἀθυμίας,
376 3411 420 3489 ῶς
449 3413 531 3496 κάμὲ
560 3414 662 3490 λέγειν
684 3411 768 3492 ἔχειν
789 3414 822 3474 τό
845 3414 1007 3496 γραφικόν
1030 3408 1225 3494 φιλαλήθως
1241 3409 1367 3475 Ἦλθον
1387 3411 1434 3485 είς
1454 3413 1492 3475 τά
1512 3413 1608 3498 βάθη
1630 3421 1683 3498 τη”ς
1705 3419 1774 3478 θα-

181 3512 317 3604 λάσσης,
349 3523 402 3580 καί
431 3523 573 3597 καταιγὶς
604 3514 805 3579 κατεπόντισέ
836 3538 885 3594 με.
944 3513 1020 3577 8διαί
1050 3518 1138 3579 τοῦτο
1166 3513 1224 3579 οὐν
1254 3515 1441 3600 ἔκωφαίθην
1469 3520 1523 3579 καὶ
1552 3519 1775 3604 ἔταπεινῶθην

182 3627 257 3706 ἄχρι
278 3626 333 3689 τοῦ
357 3627 428 3707 νῦν,
463 3628 518 3685 καί
546 3625 673 3704 έσίγηοα
706 3619 818 3692 τελέως
846 3618 881 3694 ἔξ
912 3617 1062 3696 ἀγαθῶν,
1096 3621 1160 3682 τῶν
1191 3618 1411 3703 ὀφειλομένων
1440 3624 1494 3682 καὶ
1523 3621 1628 3685 πάλαι
1650 3621 1773 3708 δηλαδή

181 3728 298 3794 τούτων
320 3732 401 3807 πρὸς
421 3728 476 3790 τόν
498 3729 577 3806 ἔμδν
598 3725 755 3807 δεσπότην
773 3723 978 3804 γραμμάτων.
1023 3721 1129 3787 *ἀλλὰ
1161 3727 1215 3789 νῦν
1245 3721 1301 3788 οὐκ
1332 3723 1395 3787 τίδ’
1425 3722 1512 3798 ὅπως
1539 3722 1603 3789 ὐπδ
1627 3728 1691 3790 τῶν
1721 3727 1774 3791 δε-

182 3835 341 3896 οποτικῶν
363 3834 417 3892 καί
440 3829 541 3907 όγίων
562 3828 663 3908 εὐχῶν
686 3828 690 3913 Ι
714 3827 975 3910 έπικουφισθείς,
1010 3828 1050 3900 ἀς
1078 3826 1215 3910 ἔφόδιον
1235 3828 1353 3911 εἴληφα
1387 3831 1487 3890 κακοῦ
1509 3828 1631 3902 παντός
1698 3830 1775 3897 103²

183 3933 415 4016 ἀποτρόπαιον,
447 3932 515 4012 διβέ
543 3955 618 3997 ποτε
647 3936 700 3994 καί
729 3931 823 4011 μόλις
851 3930 892 3994 δι’
913 3929 1074 4014 ἑξαμήνου
1096 3929 1284 4015 ύπεριύψαι
1305 3935 1360 3995 τοῦ
1383 3929 1545 4006 κλύδωνος
1565 3934 1680 4014 μικρὸν
1701 3932 1776 3997 ἔδυ-

183 4039 300 4124 νήθην,
323 4037 359 4101 έν
379 4036 506 4122 ἔμαυτηῦ
528 4060 559 4101 τε
580 4040 752 4117 γενόμενος
780 4038 904 4121 ιη’τῶν
927 4032 1087 4113 λογισμῶν
1108 4034 1281 4119 έπανάδῳ,
1314 4041 1369 4100 καί
1399 4036 1511 4122 λάβρῳ
1538 4039 1599 4118 μὲν
1630 4037 1775 4119 ἄσθματι

182 4145 238 4226 τήν
260 4141 366 4225 ἅλμην
388 4139 612 4224 ἀποφυσήσας,
644 4141 697 4202 τόν
720 4139 757 4202 δὲ
779 4138 863 4201 ἀλυν
884 4142 948 4201 τῶν
968 4138 1081 4222 ὄψεων
1104 4137 1147 4212 ῶς
1167 4139 1253 4218 είχον
1275 4139 1539 4222 ἀποσεισάμενος,
1562 4138 1727 4225 ένέβλεψά
1747 4163 1775 4204 ω

182 4246 285 4328 βραχύ
306 4250 359 4306 καί
382 4242 520 4318 ἀσθενές
542 4251 596 4306 καί
617 4242 743 4317 λεπτόν,
767 4246 821 4305 καὶ
842 4242 898 4305 τόν
919 4241 1000 4321 έμδν
1022 4241 1177 4326 δεσπότην
1199 4247 1253 4305 καί
1276 4240 1416 4330 ἀρχηγόν
1436 4242 1538 4317 εὐθύς
1559 4242 1646 4306 είδον
1669 4244 1775 4326 ῶσπερ

182 4353 288 4432 έωρον
308 4347 448 4429 Χριστόν
466 4346 584 4429 Ἰησοῦν
605 4345 764 4429 ἀσφαλῶς
784 4343 864 4426 ὑπὲρ
887 4343 1040 4426 κυμάτων
1061 4343 1249 4421 πεζεύονια·
1277 4346 1375 4413 ιςοὐδὲ
1396 4348 1458 4431 γάρ
1478 4344 1573 4419 αὐτός
1588 4345 1605 4409 δ
1623 4345 1776 4432 δεσπότης

182 4473 246 4533 μου
268 4454 302 4515 τδ
325 4452 518 4531 άπείραστον
541 4452 624 4529 ἔσχε,
659 4451 720 4511 κάν
741 4449 776 4511 τδ
797 4458 948 4526 γενναῖον
979 4454 1032 4512 καί
1054 4450 1172 4515 ἔνθεον
1200 4453 1253 4533 τής
1275 4447 1371 4515 αὐτοῦ
1392 4448 1532 4534 μεγάλης
1555 4453 1661 4535 ψυχῆς
1682 4448 1777 4515 οὐδὲν

184 4557 255 4623 οὐδ’
277 4556 313 4618 έν
335 4555 532 4636 περιστάσεσι
554 4557 727 4638 καθυφήκε
748 4555 802 4635 τής
823 4551 1001 4627 ἀπαθείας.
1028 4551 1101 4616 ἀλλ’
1125 4551 1144 4616 ό
1169 4552 1284 4628 δοῦλος
1305 4555 1349 4617 ἔτι
1372 4553 1549 4637 φερόμενος
1570 4553 1606 4616 έν
1628 4564 1692 4627 τοῖς
1713 4559 1777 4617 τῶν

185 4659 335 4743 κυμάτων
357 4657 499 4732 όταύλοις
518 4663 572 4720 καί
593 4659 725 4738 κάμνων
759 4661 813 4718 καί
842 4662 934 4737 σῶμα
965 4661 1018 4719 καὶ
1048 4658 1158 4742 ψυχήν
1183 4656 1303 4732 λκανῶς
1333 4659 1388 4721 τόν
1409 4655 1634 4739 χειμαζόμενον
1656 4660 1780 4740 Πέτρον

256 4798 439 4884 ιῌοείρίδεε
458 4797 540 4854 Orant
558 4818 602 4867 451
629 4801 634 4866 Ι
660 4817 671 4851 τ
698 4795 883 4922 Ρδειρῖιεδο
907 4797 1046 4868 reliquiae
1072 4797 1142 4853 iuris
1165 4800 1351 4856 οοοὶεείεετίοί
1373 4815 1474 4872 graeco
1493 4817 1532 4886 ης,
1553 4817 1582 4867 19
1606 4799 1612 4869 Ι
1636 4819 1647 4853 ι
1677 4797 1779 4868 ἔδαφος

187 4890 250 4928 cum
269 4877 373 4943 spmtu
391 4887 491 4941 aspero
510 4870 531 4926 G
550 4871 713 4926 constanter
733 4870 783 4922 δίει
817 4870 902 4923 mund
920 4868 925 4941 Ι
946 4891 961 4924 ι
979 4869 1072 4926 ΡεεΙοι
1083 4872 1113 4936 ξη
1123 4889 1136 4938 3
1158 4869 1162 4940 Ι
1183 4889 1197 4938 3
1219 4871 1354 4937 Ρειιίιιιλη
1364 4891 1378 4940 3
1400 4871 1404 4942 Ι
1424 4892 1440 4938 4
1458 4873 1551 4942 λαυρμ
1569 4869 1658 4926 codex
