4560 6172
562 710 659 791 μήτηρ
682 708 718 770 δὲ
743 712 863 790 θρηνεῖ.
887 712 940 769 καὶ
964 709 1018 781 σὸς
1040 705 1250 791 ήγαπημένος,

562 813 656 895 μόνοι
678 815 832 892 παρόντες
853 816 916 873 τόν
938 817 1000 892 πρὸ
1022 818 1137 891 μικροῦ
1160 831 1209 874 σοι
1235 811 1348 892 φίλων.

503 921 541 983 10
563 917 697 999 φροῦδοι
720 920 881 998 μαθηταί·
906 922 958 976 καί
981 921 1129 995 πτερωτοὶ
1151 915 1179 977 δ’
1202 916 1330 989 οἰκέται,

562 1020 665 1103 μάτην
688 1024 901 1100 περιτρέχονσι
923 1025 1027 1096 μεστοὶ
1051 1020 1214 1100 δακρύων·

564 1123 601 1188 οῦ
623 1126 683 1204 γάρ
705 1127 840 1206 βοηθεῖν
862 1123 1030 1206 εὐποροῦσι
1052 1129 1095 1207 τοῦ
1118 1123 1230 1188 πάθει.

562 1234 661 1310 μέγας
684 1228 711 1291 δ’
734 1229 844 1290 ἄπεστι
867 1231 920 1300 σῦς
942 1230 1043 1309 πατήρ
1067 1228 1302 1308 παντοκράτωρ,

564 1333 665 1413 μόνον
687 1333 791 1394 λιπων
814 1350 847 1394 σε
868 1335 965 1394 ταῦτα
988 1331 1122 1411 πάσχειν
1144 1333 1186 1404 ὡς
1207 1331 1318 1407 λέγεις,

502 1439 542 1503 15
565 1443 665 1499 καίτοι
687 1447 836 1517 προεῖπες
857 1434 924 1514 οῦχλ
947 1434 1124 1518 λειφθῆναι
1145 1440 1255 1514 μόνος,

565 1544 712 1613 συνόντος
734 1538 827 1605 αὐτοῦ
848 1546 902 1601 καὶ
924 1543 961 1602 τά
985 1545 1041 1605 νῦν
1062 1541 1215 1619 πάσχοντί
1237 1559 1300 1602 σοι·

566 1645 636 1707 ἀλλ’
660 1644 715 1707 οῦκ
737 1645 861 1706 ἄπεστι·
887 1648 1010 1725 πνεῦμα
1033 1647 1090 1706 σὸν
1111 1650 1172 1725 γάρ
1195 1644 1364 1723 λαμβάνει,

567 1748 766 1812 συνευδοκῶν
787 1772 817 1810 τε
839 1754 891 1809 καί
914 1750 1019 1811 σοντόν
1041 1766 1100 1823 σοι,
1124 1753 1177 1809 καὶ
1201 1752 1309 1830 φέρων

569 1853 638 1917 οὶοῦ
660 1853 802 1935 τελευτήν
824 1849 1029 1933 ἠγαπημένον
1050 1849 1191 1932 βλέπειν.

506 1960 547 2021 20
570 1957 620 2018 δεῖ
639 1956 700 2037 γάρ
723 1978 772 2035 με,
797 1955 855 2029 δεῖ,
878 1960 927 2017 σολ
949 1957 1135 2036 συνθανεῖν,
1158 1953 1311 2035 εῦεργέτα,

570 2061 611 2134 ῦς
635 2065 838 2140 συμμετασχιῦ
861 2065 914 2142 τής
935 2059 1084 2141 έγέρσετος
1108 2059 1216 2121 πάλιν.

570 2165 667 2239 οὕτως
690 2165 794 2239 ἔδοξε·
817 2171 905 2229 τοῦτο
926 2167 977 2246 τής
999 2161 1229 2242 εἰσπλαγχνὶας

568 2267 656 2348 ὑμῶν
678 2270 759 2347 πρὸς
780 2265 862 2349 ἡμᾶς
885 2267 903 2348 ἢ
925 2270 1050 2349 mrim
1071 2266 1242 2348 κοινότης·

568 2371 841 2453 εῦγντομονοῦμεν·
865 2372 948 2453 πλήν
968 2374 1104 2450 τάχυνον
1125 2370 1160 2433 έκ
1182 2371 1297 2451 τάφου.

505 2479 547 2543 25
569 2478 709 2549 σπεύσεις
732 2475 767 2538 δὲ
789 2475 931 2549 πάντως·
956 2475 1043 2557 η’λιος
1063 2476 1124 2554 γάρ
1146 2473 1278 2549 ένθάδε,

570 2580 589 2643 ό
613 2586 688 2659 πρὶν
711 2577 870 2662 ζοφωθεὶς
891 2582 946 2640 καλ
967 2581 1099 2660 κρυβελς,
1121 2579 1166 2652 εἰς
1185 2579 1242 2657 σήν
1263 2577 1356 2661 χάριν

571 2685 698 2766 ἔλαμψε
720 2683 862 2767 φαιδρὸν
884 2680 981 2756 αὖθις
1004 2681 1081 2743 ἀνθ’
1103 2680 1280 2762 ἑωσφόρον,

571 2792 604 2850 σὲ
626 2796 681 2852 τὸν
701 2792 846 2867 μέγιστον
869 2786 959 2868 ήλιον
981 2786 1172 2869 προμηνότον

573 2893 625 2980 ήέκ
647 2898 703 2975 γής
725 2890 876 2970 ἀνασχεῖν
899 2897 968 2972 φιῦς
989 2914 1019 2953 τε
1043 2895 1186 2973 πέμψειν
1209 2888 1329 2954 αὐτίκα.

507 2999 550 3063 30
571 2996 693 3078 ἴδοιμεν
717 2993 773 3059 οῦν
795 2995 962 3076 λάμποντα
984 3000 1038 3057 καὶ
1060 2998 1104 3068 σέ,
1128 2997 1243 3075 Χριστέ
1263 3015 1335 3074 μου,

572 3100 676 3184 ὥσπερ
698 3104 731 3163 τδ
756 3103 812 3162 σδν
834 3103 965 3183 ποίημα,
987 3103 1043 3182 τήν
1065 3104 1123 3164 νῦν
1144 3098 1276 3181 ἡμέραν,

573 3206 614 3267 δι’
638 3203 674 3288 ής
696 3201 819 3286 δρῶμεν
840 3204 949 3269 τούσδε
970 3211 1039 3277 τοῦς
1061 3207 1170 3278 θείους
1190 3204 1314 3277 τόπους,

573 3315 626 3371 καὶ
639 3298 696 3371 μοι
719 3308 998 3393 συναστράψοιμεν
1020 3310 1055 3371 έκ
1076 3312 1131 3390 γής
1153 3314 1205 3370 καὶ
1226 3309 1348 3389 τάφων.

490 3523 529 3588 S.
580 3519 635 3592 Εἰς
656 3520 711 3600 τήν
733 3519 919 3578 ἀνάστασιν.

534 3627 549 3687 1
574 3623 701 3695 Σκόπει,
725 3619 835 3683 σκόπει
857 3624 890 3682 τδ
915 3623 1030 3698 θαῦμα
1052 3624 1107 3684 τοῦ
1128 3622 1341 3699 τεθαμμένου,

575 3729 634 3798 ἕως
656 3729 778 3787 θεατόν
798 3725 872 3799 έστι,
894 3729 971 3804 πρὶν
993 3723 1201 3811 παραδράμῃ,

574 3835 689 3912 μήπως
711 3828 844 3918 ἀπιστής
864 3828 991 3909 ῦστερον
1015 3827 1213 3911 λαλουμένῳ,

577 3933 686 3996 θέλων
709 3935 902 4014 προσάπτειν
924 3943 987 4003 τοῖς
1009 3931 1087 4013 ῦπὲρ
1111 3930 1207 4013 φάσιν
1230 3931 1333 4012 φῦσιν.

533 4041 689 4112 ὅτοῖνον,
712 4038 843 4117 μαθητά
866 4039 928 4098 τόν
950 4034 1149 4117 ἀπορρήτων,
1173 4035 1234 4116 δρα

577 4147 630 4203 καὶ
653 4141 752 4215 ζῶντα
775 4144 913 4221 Χριστόν
935 4137 1048 4213 αὖθις·
1070 4138 1138 4215 εὖγε
1160 4144 1212 4204 τοῦ
1232 4137 1361 4218 τάχους·

577 4245 619 4318 ὥς
641 4242 713 4319 ἀξῦς
734 4245 779 4318 εἰς
802 4244 923 4325 ἔγερσιν
945 4243 961 4306 ό
986 4244 1159 4326 ζωηφόρος,

577 4351 681 4433 τάφον
704 4361 860 4412 κατοικεῖν
880 4350 988 4430 νεκρὸς
1010 4348 1066 4413 οῦκ
1088 4350 1280 4429 εἰθισμένος.

577 4454 743 4537 τριήμερόν
763 4458 847 4530 γοῦν,
872 4451 909 4517 οῦ
929 4457 1120 4536 τριέσπερον,
1143 4454 1280 4534 βλέπεις,

518 4563 559 4624 10
581 4562 642 4621 κάν
665 4558 803 4648 ζωοποιή
824 4561 1048 4640 τετραημέρους
1070 4559 1193 4640 φίλους.

581 4669 638 4729 νῦν
660 4662 688 4726 δ’
709 4663 885 4738 ἐξαναστὰς
907 4662 975 4736 τοὺς
996 4664 1151 4743 γενάρχας
1173 4661 1273 4726 ἑλκῦει

578 4772 663 4847 χερσὶ
685 4776 850 4844 κραταιαῖς
871 4765 906 4828 έκ
929 4764 1079 4829 παλαιόν
1099 4767 1278 4849 μνημάτων.

580 4874 706 4954 πρῶτον
728 4871 757 4933 δ’
779 4870 922 4952 ἀνορθοῖ
940 4871 974 4932 τδ
997 4876 1225 4953 προπεπτωκὸς
1246 4868 1359 4932 πάλαι·

1870 1357 1899 1402 14
1916 1336 2076 1390 Matthaeus

1869 1428 1908 1475 2’7ι
1922 1413 1953 1472 4⁶
1969 1408 1973 1476 Ι
1991 1428 2016 1475 Ι5
2036 1408 2079 1460 Ῑο“

1869 1483 1974 1534 hannes
1993 1486 2017 1543 8,
2029 1498 2058 1546 29
2071 1477 2075 1551 Ι

1870 1572 1898 1618 17
1917 1551 2007 1604 Psalm
2017 1556 2077 1617 31‚6

1901 4603 1930 4636 10
1952 4582 2090 4637 Iohannes

1901 4675 1938 4719 11,
1957 4674 1986 4722 39
2020 4656 2025 4719 Ι
2060 4674 2086 4707 11

1897 4727 2058 4781 Matthaeus

1901 4817 1938 4864 27,
1958 4817 1988 4864 §2
