4560 6172
1763 536 1804 600 63

226 704 374 782 φαίνεται
396 707 449 767 τοῦ
472 705 618 768 πιθανοῦ
638 704 764 782 μᾶλλον
789 703 953 766 ἅπτεσθαι
973 705 1007 766 τό
1032 709 1102 786 περὶ
1123 704 1178 786 τήν
1200 703 1290 768 λύσιν
1314 704 1476 785 θεώρημα.
1530 702 1666 766 11ἐκεῖνο
1696 703 1731 766 δὲ
1753 709 1807 766 καί

224 804 467 890 διατεθρύληται
508 807 550 880 ῶς
587 809 758 887 δυωνύμως
792 804 823 870 ολ
858 809 995 871 πλεῖστοι
1035 812 1096 870 τῶν
1141 807 1284 887 ἀρχαίων
1329 805 1610 889 προσηγορεύοντο·
1659 811 1711 869 καὶ
1751 812 1805 869 τῦν

226 907 230 993 Ι
253 905 417 992 Ἀβιάθαρ
441 911 496 975 ούκ
519 911 650 984 ἀπεικός
672 912 734 973 ἔστι
757 917 809 972 καί
829 910 990 992 ’Λχιμέλεχ
1012 911 1201 974 καλεῖσθαι·
1237 912 1254 973 δ
1277 922 1340 984 τοῖς
1362 911 1515 984 πλείστοις
1537 908 1661 990 ἀρέσκει
1749 911 1806 976 622

224 1015 287 1074 τῶν
310 1011 455 1094 ὀξύτερον
477 1019 564 1080 τοῦτο
586 1018 620 1077 τύ
643 1018 758 1096 χωρίον
779 1014 1034 1097 ἐπεσκεμμένων
1071 1016 1141 1077 ἐπεὶ
1172 1020 1226 1076 καὶ
1257 1015 1312 1077 τόν
1339 1014 1502 1095 ’Λχιμέλεχ
1533 1012 1629 1076 αὐτόν
1652 1052 1692 1062 -
1724 1013 1807 1088 ὅστις

225 1118 302 1178 ποτέ
323 1117 385 1179 ἐστι
410 1156 446 1162 -κ
472 1124 525 1178 καὶ
544 1117 707 1198 Ἀβιμέλεχ
736 1118 932 1197 καλούμενον
962 1115 1095 1199 ὑπάρχει
1125 1120 1245 1199 λαβεῖν,
1278 1118 1357 1183 ούτω
1387 1118 1593 1199 πλανωμένης
1625 1121 1679 1178 καί
1709 1116 1807 1180 ἀστα-

224 1221 334 1302 τούσης
353 1217 396 1294 ῶς
418 1224 453 1283 τό
480 1222 583 1284 πολλοὶ
605 1228 657 1305 τῆς
680 1225 900 1304 προσηγορίας.
948 1223 973 1259 ¹²
989 1223 1033 1285 Τό
1057 1220 1093 1284 δὲ
1115 1222 1303 1300 θεολογικόν
1332 1245 1363 1285 τε
1385 1228 1438 1284 καί
1461 1225 1561 1303 τρίτον
1582 1221 1617 1283 ἐν
1639 1233 1703 1294 τοῖς
1725 1245 1804 1306 προ-

224 1322 382 1406 βλήμασιν
404 1322 497 1389 ούδέν
519 1324 565 1389 ὅτι
586 1329 628 1409 μή
653 1330 765 1407 σαφῶς
787 1327 882 1404 ἔγωγε
904 1330 1062 1409 γραφικόν
1083 1325 1164 1403 λέγω
1187 1336 1349 1407 πταῖσμα,
1383 1324 1551 1409 δῆλονὸτι
1580 1326 1644 1387 κατ’
1668 1327 1803 1401 ἀγνοιαν

228 1426 416 1510 ἀμαρτηθὲν
436 1433 498 1492 τῶν
521 1430 660 1496 πολλῶν.
691 1430 766 1492 δέον
795 1432 857 1512 γάρ
884 1429 975 1509 Ἰωάβ
1003 1428 1070 1493 ἀντ’
1092 1428 1291 1510 Ἅβεσσαλῶμ
1323 1432 1383 1494 ε’ἀν
1415 1436 1562 1508 κεῖσθαι,
1595 1429 1637 1490 ἐν’
1667 1427 1683 1490 ό
1714 1429 1805 1507 λόγος

225 1528 403 1605 ἀπταίστως
424 1535 504 1615 πρὸς
525 1535 581 1616 τήν
602 1533 742 1615 λστορίαν
765 1531 921 1615 ἡρμόζετο,
946 1534 997 1596 τόν
1015 1531 1109 1612 Ἰωὰβ
1122 1537 1182 1615 μὲν
1196 1531 1367 1599 ἀπώσαντο
1382 1542 1484 1609 κακῶς
1499 1534 1530 1598 οἳ
1545 1536 1803 1613 μεταγενέστεροι,

224 1637 257 1698 τὸ
280 1634 403 1720 ἀληθὲς
425 1636 651 1722 ἀγνοήσαντες,
686 1645 740 1701 τὸν
759 1635 963 1716 Ἀβεσσαλῶμ
993 1637 1021 1699 δ’
1050 1636 1118 1700 ἀντ’
1147 1638 1267 1701 ἐκείνου
1289 1643 1332 1722 τῷ
1355 1639 1436 1723 ῥητῷ
1459 1648 1661 1719 παρενεῖραν,
1695 1638 1729 1698 ἐκ
1752 1641 1804 1718 τῆς

224 1739 312 1821 παρά
335 1742 373 1828 τή
394 1744 504 1832 γραφή
526 1764 589 1804 που
612 1744 753 1823 κειμένης
776 1745 878 1822 χειρός
898 1745 953 1804 τοῦ
969 1741 1177 1823 Ἀβεσσαλώμ
1210 1742 1303 1826 (οὕτω
1331 1743 1393 1825 γάρ
1424 1744 1542 1816 ἐκεῖνος
1572 1740 1737 1820 ώνόμασεν
1765 1742 1803 1823 ἣν

224 1842 372 1927 ἀνέστησε
401 1845 528 1928 στήλην)
559 1851 613 1929 τήν
643 1846 789 1928 τοιαύτην
821 1845 948 1930 πλάνην
982 1845 1256 1926 παραδεξάμενοι·
1292 1848 1354 1924 ἔχει
1385 1847 1413 1908 δ’
1441 1848 1539 1921 ὅντως
1568 1845 1623 1925 οὐχ
1653 1846 1732 1910 υῦτω
1767 1850 1801 1909 τδ

223 1946 362 2029 ἀληθὲς·
386 1947 459 2011 ἀλλ’
480 1950 605 2022 ἐκείνως
626 1950 752 2030 μᾶλλον
775 1950 817 2022 ώς
839 1951 977 2030 ἔφαμεν·
1009 1955 1063 2011 καί
1094 1951 1181 2014 τοῦτο
1210 1949 1308 2031 δῆλον
1337 1949 1393 2014 ούκ
1416 1950 1577 2025 ἀλλοθεν,
1615 1950 1700 2011 ἀλλά
1725 1950 1801 2029 παρ’

223 2050 317 2134 αύτής
339 2051 457 2136 ἐκείνης
478 2061 529 2136 τῆς
551 2051 697 2134 ἱστορίας.
741 2053 894 2130 18είσάγει
916 2056 977 2133 γάρ
999 2054 1054 2116 τόν
1075 2053 1181 2129 Δαβίδ
1208 2054 1288 2133 πρὸς
1316 2056 1371 2136 τήν
1400 2056 1553 2117 Θεκωῖτιν
1588 2053 1665 2135 ὑπὲρ
1694 2053 1803 2134 ’Λβεσ-

225 2145 378 2242 σαήλῶν8ἰο
389 2155 444 2220 ούκ
456 2159 490 2232 ἐξ
503 2156 633 2231 εὐθείας
646 2160 889 2239 πρεσβεύουσαν,
914 2157 999 2221 ἀλλά
1012 2160 1087 2239 μετά
1101 2160 1185 2231 τινδς
1198 2163 1338 2241 μηχανῆς
1349 2183 1380 2222 τε
1392 2164 1445 2222 καί
1458 2160 1660 2243 ἐπικρύψεως
1747 2162 1802 2225 63¹

224 2263 280 2325 σὺν
301 2259 438 2341 ύπονοίᾳ
472 2263 694 2342 φθεγγόμενον
731 2264 817 2344 τιμή*
840 2260 858 2343 ἢ
881 2266 945 2344 χείρ
966 2260 1065 2345 Ἰωάβ,
1087 2262 1124 2324 ἐν
1145 2265 1240 2325 παντί
1260 2261 1355 2347 τούτῳ
1377 2264 1453 2342 μετά
1477 2267 1569 2342 σοῦςι
1602 2262 1645 2335 ῶς
1666 2263 1695 2326 εί
1716 2262 1801 2340 ἔλεγε

223 2366 282 2448 Μή
315 2388 360 2442 τι,
395 2362 421 2427 ῶ
450 2365 555 2441 γύναι,
589 2366 668 2429 κατά
698 2365 878 2449 συμβουλήν
907 2371 960 2428 καὶ
983 2363 1154 2449 ὑποθήκην
1180 2369 1234 2430 τοῦ
1252 2364 1345 2446 Ἰωάβ
1373 2368 1429 2451 (ἢν
1451 2367 1542 2429 καλεῖ
1560 2377 1660 2448 χεῖρα,
1684 2365 1739 2429 διδ
1762 2368 1798 2430 τό

223 2467 352 2552 ἐνεργόν
377 2492 409 2532 τε
431 2475 485 2529 καὶ
506 2469 692 2554 πρακτικόν)
714 2471 748 2532 τὸ
773 2469 912 2534 τοιοῦτόν
934 2488 983 2533 σοι
1005 2468 1149 2553 σόφισμα
1175 2470 1255 2551 πρός
1275 2470 1331 2553 τήν
1351 2468 1430 2553 ύπέρ
1450 2473 1506 2534 τοῦ
1525 2470 1726 2552 Ἀβεσσαλῶμ
1749 2471 1801 2534 έν-

224 2579 326 2650 τευξιν
348 2575 574 2657 ἐσκαιώρηταις
610 2575 727 2636 14τοῦτο
757 2577 862 2640 τοίνυν
885 2572 974 2636 δοκεῖ
991 2596 1047 2653 μοι
1068 2576 1122 2635 τδν
1144 2573 1248 2655 σοφόν
1270 2577 1324 2635 καὶ
1347 2577 1440 2636 θεῖον
1463 2573 1659 2636 διδάσκαλον
1681 2575 1725 2649 είς
1746 2577 1801 2657 τήν

222 2680 432 2762 προκειμένην
452 2677 611 2743 ὑπόθεσιν
633 2676 677 2751 ῶς
697 2678 732 2740 ἐν
754 2681 928 2760 παροιμίας
950 2677 1026 2740 εἴδει
1048 2677 1260 2757 παραλαβεῖν,
1282 2674 1317 2741 εὖ
1331 2675 1422 2760 μάλα
1438 2680 1611 2759 προσφυῶς
1635 2682 1689 2739 καὶ
1705 2675 1802 2753 ἀξίως

221 2785 274 2867 τῆς
295 2782 418 2846 ἐκείνου
440 2782 591 2864 λαμπράς
613 2784 667 2842 καὶ
687 2780 948 2861 μεγαλοπρεποῦς
969 2780 1126 2857 διανοίας,
1147 2782 1184 2844 ἐν
1205 2780 1338 2856 πολλοῖς
1360 2780 1395 2844 δὲ
1411 2781 1616 2864 τοῖςῦστερον
1633 2781 1800 2858 τὸνλόγον

221 2889 436 2971 στρεφόμενον
470 2892 525 2971 τήν
553 2887 696 2967 τοιαύτην
725 2884 835 2963 λαβεῖν
863 2883 1065 2968 ῦποφθορὰν
1095 2890 1149 2947 καί
1182 2884 1371 2961 ἀλλοίωσιν,
1407 2883 1450 2959 ῶς
1472 2888 1629 2968 συμβῆναι
1652 2889 1694 2971 τῷ
1717 2885 1800 2970 ῥητῷ

221 2990 316 3078 τούτῳ
338 2995 371 3055 τό
395 2991 484 3074 παρά
507 3000 571 3063 τοῖς
593 2989 699 3069 ὄχλοις
721 2979 882 3069 ᾀδόμενον
898 2987 949 3051 Ἕκ
972 2989 1176 3072 διορθώσεως
1206 2990 1360 3072 σφάλμα,
1394 2991 1473 3051 καθ’
1496 2989 1579 3071 ἀπερ
1601 2988 1736 3075 κάκείνῳ
1758 2994 1801 3076 τῷ

221 3095 257 3158 ἐν
285 3106 349 3169 τοῖς
377 3095 609 3180 στηλιτευτικοῖς
639 3091 886 3178 ἀντιλεγομένφ,
920 3093 1006 3157 ἔνθα
1035 3092 1149 3157 Σόλων
1183 3094 1229 3167 είς
1261 3091 1440 3176 ἀπληστίαν
1479 3091 1549 3155 ἀντὶ
1582 3090 1799 3174 Ἀλκμαίωνος

221 3199 419 3283 διασύρεται,
452 3196 495 3272 ῶς
516 3197 552 3260 αἶ
574 3198 635 3280 πρδ
658 3201 770 3279 μικροῦ
800 3214 834 3260 σε
856 3196 1043 3260 διδάσκουσι
1072 3199 1149 3277 παρ’
1172 3195 1262 3281 ήμῶν
1284 3196 1476 3278 ἀποκρίσεις.
1523 3196 1742 3277 15θαυμαστὸν
1765 3197 1801 3260 δέ

222 3301 325 3378 ου’δέν,
348 3307 379 3366 εἴ
398 3327 443 3377 τις
464 3302 545 3376 ὅλως
568 3302 729 3384 ἐθάρρησε
752 3301 870 3366 τούτων
891 3325 919 3365 τι
941 3308 1068 3380 κινῆσαι
1085 3306 1146 3364 τῶν
1159 3301 1163 3388 y
1178 3297 1345 3386 ἀκινήτων,
1368 3298 1464 3362 ὁπότε
1481 3304 1534 3362 καί
1552 3300 1657 3362 αι’τῶν
1744 3301 1801 3366 63²

220 3411 283 3470 τῶν
304 3408 482 3492 ἀψαύστων
504 3409 558 3469 καὶ
580 3402 760 3485 ἀπροσίτων
788 3406 903 3483 λογίων
936 3405 953 3489 ή
983 3408 1108 3489 τοιαύτη
1138 3407 1324 3485 καινοτομία
1354 3404 1614 3487 κατατολμήσασα
1642 3407 1800 3485 φαίνεται,

219 3514 250 3573 εἴ
270 3529 319 3574 σοι
340 3514 382 3594 μή
405 3514 570 3593 παρέργως
592 3506 786 3585 ἀνέγνωσται
807 3508 841 3572 τό
876 3512 990 3574 »ταῦτα
1012 3509 1048 3572 ἐν
1070 3512 1226 3593 Βηθανίᾳ
1247 3509 1386 3586 ἐγένετο,
1411 3511 1515 3590 πέραν
1540 3515 1592 3572 τοτ’
1605 3509 1800 3590 Ἰορδάνουι.

221 3616 367 3698 ἄντικρυς
395 3616 456 3696 γάρ
487 3616 676 3698 Βηθαβαρά
708 3630 823 3695 φασιν,
857 3610 928 3677 ἀλλ’
958 3612 995 3678 ού
1023 3616 1197 3697 Βηθανίαν
1225 3611 1293 3675 δεῖν
1320 3609 1458 3695 γράφειν
1479 3612 1510 3676 ολ
1531 3617 1593 3676 τῶν
1615 3616 1695 3675 καθ’
1718 3612 1802 3698 ήμάς

221 3720 428 3784 διδασκάλων
456 3717 671 3800 ἐμπειρότεροι
700 3722 754 3778 καί
776 3716 968 3802 σοφώτεροι·
996 3717 1115 3801 ἐκείνης
1143 3718 1205 3800 γδρ
1233 3717 1317 3779 εἶναι
1345 3718 1378 3778 τδ
1409 3719 1513 3797 πέραν
1541 3720 1594 3782 τοῦ
1624 3716 1799 3800 Ἰορδάνου,

220 3829 396 3910 Βηθανίαν
416 3824 444 3887 δ’
467 3822 504 3888 ού
527 3825 647 3904 πέραν,
678 3820 765 3885 ἀλλά
795 3828 955 3902 προσεχῶς
984 3832 1133 3898 γειτονεῖν
1161 3820 1403 3903 Ἱεροσολύμοις,
1435 3818 1529 3886 αὐτοῦ
1561 3843 1624 3885 που
1655 3826 1800 3907 κειμένην

220 3932 281 4012 πρδ
304 3935 358 3995 τοῦ
379 3926 551 4011 περιβόλου
573 3929 626 4009 τής
647 3925 787 4002 πόλεως,
818 3925 861 3999 ῶς
882 3931 936 3988 καὶ
958 3924 1050 3999 αύτδς
1073 3929 1115 3988 ἀν
1133 3929 1310 4009 συμφαίης,
1342 3922 1357 3987 ύ
1381 3928 1443 3987 τῶν
1464 3926 1562 3988 ἐκεῖσε
1584 3927 1690 3989 τόπων
1719 3927 1800 3991 ἐπό-

220 4057 306 4117 πτης.
340 4034 416 4097 16ἔτι
438 4033 473 4096 δὲ
495 4030 529 4094 τύ
554 4030 617 4102 »εἰς
638 4027 747 4114 κώμην
769 4029 954 4109 ἀπέχουσαν
977 4029 1122 4104 σταδίους
1142 4028 1314 4112 ἐξήκοντα(
1339 4026 1369 4091 ολ
1390 4032 1450 4110 μὲν
1471 4028 1516 4103 είς
1537 4028 1649 4114 πολλῷ
1671 4029 1800 4104 πλείους

217 4142 332 4203 τούτων
352 4137 556 4210 ἐκτείνουσιν,
579 4129 610 4196 οἳ
631 4132 667 4195 δέ
689 4133 870 4196 τούναντίον
890 4135 935 4207 είς
956 4134 1122 4215 τριάκοντα
1136 4137 1255 4213 μόνους
1269 4135 1535 4212 ἐπισυνάγουσιν,
1559 4133 1801 4208 ἀποδεικνύντες

217 4246 364 4306 τοσσοῦτον
385 4240 576 4325 ἀφεστῶσαν
596 4240 721 4320 μᾶλλον
742 4243 797 4320 τήν
815 4237 1010 4319 Ἐμμαοῦντα
1024 4242 1076 4321 τής
1092 4236 1295 4320 Ἰερουσαλήμ
1317 4239 1396 4319 πρός
1417 4237 1592 4321 ἀκρίβειαν.
1623 4238 1739 4300 17πάσι
1762 4237 1798 4300 δέ

217 4356 282 4420 τοῖς
295 4346 443 4418 τοιούτοις
456 4349 535 4426 μίαν
558 4344 649 4408 λύσιν
669 4341 834 4419 ἐπάγουσι,
858 4343 891 4404 τδ
915 4345 977 4405 τῶν
999 4340 1205 4424 ἀντιγράφων
1227 4339 1282 4407 οῦκ
1303 4342 1477 4405 ἄπταιστον
1499 4346 1570 4423 περὶ
1591 4347 1646 4424 τήν
1667 4344 1796 4426 γραφήν

217 4447 285 4514 οὐδ’
308 4447 515 4534 ἀνέγκλητον·
540 4443 567 4534 ιβ
589 4446 673 4532 λόγῳ
695 4453 748 4509 καί
771 4447 859 4529 ἡμεῖς
881 4445 937 4511 οῦκ
957 4445 1081 4523 ἀλόγως
1104 4447 1184 4528 πρὸς
1202 4450 1235 4509 τό
1256 4444 1445 4523 θεολογικόν
1471 4450 1654 4529 κεχρήμεθα
1673 4445 1799 4530 ζήτημα.

219 4554 223 4640 Ι
250 4553 358 4636 18περί
378 4558 438 4635 μὲν
460 4551 516 4618 οῦν
536 4550 652 4617 τούτων
673 4551 727 4614 ἐπὶ
746 4552 910 4615 τοσοῦτον·
932 4555 959 4612 τί
982 4550 1044 4630 γάρ
1076 4553 1117 4612 ἀν
1144 4555 1198 4612 καὶ
1220 4553 1350 4635 μηκύνοι
1372 4575 1417 4627 τις
1445 4552 1481 4614 ἐν
1506 4550 1654 4641 ἐπιστολη·
1740 4553 1797 4617 64¹

290 4723 1131 4796 udaturvaccodexlxzRegnfl18,18113Regum,
1154 4722 1531 4790 19114supra116.22115
1552 4721 1688 4776 lohannes
1708 4742 1729 4787 1,
1749 4722 1796 4793 281

218 4814 245 4864 ις
265 4798 427 4865 βηθαραβρά
446 4796 639 4866 apographum
659 4793 774 4863 Bolligii
796 4793 800 4865 ί
822 4812 849 4862 15
870 4793 1003 4864 Origenes
1018 4793 1056 4847 IV
1072 4813 1117 4858 140
1135 4793 1169 4848 de
1189 4794 1218 4847 la
1236 4794 1297 4847 Rue
1312 4792 1318 4863 Ι
1335 4809 1361 4859 15
1382 4794 1520 4848 Iohannes
1539 4813 1578 4859 11,
1597 4799 1625 4846 18
1642 4795 1647 4865 Ι
1664 4799 1693 4846 16
1713 4795 1800 4848 Lucas

218 4887 256 4934 24,
276 4887 304 4935 ¹3
334 4868 519 4940 Pdehagarde
540 4866 913 4932 onomasticasaera1257,
935 4884 963 4918 21
986 4885 1038 4929 121,
1057 4870 1072 4918 6
