4560 6172
343 519 419 589 1⁸⁷
1861 516 1922 582 199

430 688 456 725 ¹2
471 692 621 754 Τοιοῦτον
648 694 708 769 μὲν
738 687 797 770 ῆδη
826 691 881 753 τδν
909 690 1076 770 περίδοξον
1105 689 1318 772 νομοφύλακα
1342 687 1447 770 ῶσπερ
1469 687 1647 768 ἀνδριάντα
1674 691 1787 751 καινδν
1812 685 1925 751 ἀπετε-

342 794 480 872 λέσαμέν
501 814 531 854 τε
553 798 606 853 καὶ
628 791 839 870 ἀπεξέσαμεν,
870 794 1038 873 ολκτιρμοῖς
1068 792 1301 875 ἀνεκφράστοις
1328 798 1380 876 τῆς
1409 791 1606 876 κυβερνῶσης
1628 792 1734 854 πάντα
1757 795 1919 871 προνοίας,

341 897 406 978 ῆτις
427 900 460 960 τὸ
485 900 658 959 θεσπέσιον
680 901 767 959 τοῦτο
790 904 843 958 καί
865 897 1102 979 μεγαλοπρεπὲς
1125 898 1216 979 ἔργον
1237 898 1364 979 ῆνεγκεν
1387 896 1461 979 ῆμίν
1482 897 1526 970 είς
1543 897 1691 959 έπίνοιαν
1712 900 1766 957 καί
1789 903 1921 976 πρᾶγμα

342 1007 488 1064 τοσοῦτον
510 1011 577 1071 ταῖς
599 998 729 1082 ῆμέραις
752 999 888 1082 ἐφύλαξε
912 1006 965 1063 τοῦ
988 1002 1120 1079 κράτους
1141 998 1241 1083 ῆμῶν.

434 1103 665 1186 ΙθΊήλικοῦτου
693 1110 797 1168 τοίνυν
826 1109 958 1184 βαθμοῦ
990 1108 1067 1167 καθ’
1094 1104 1246 1187 ἡμετέραν
1281 1109 1341 1184 μὲν
1375 1105 1523 1187 έκλογῆν,
1557 1109 1724 1183 θειοτέραν
1754 1103 1789 1166 δὲ
1819 1110 1923 1167 νεῦσιν

345 1207 496 1283 ἀξιωθείς
517 1208 683 1291 ἐπιβῆναι,
714 1210 986 1291 μεγαλοφυέστατε
1009 1206 1213 1289 νομοφύλαξ,
1244 1206 1399 1290 μηδαμῶς
1420 1207 1578 1287 ἀγνῶμων
1605 1207 1754 1289 δφθῆναι
1776 1215 1847 1289 περί
1867 1213 1922 1289 την

344 1310 497 1393 τοσαύτην
518 1312 611 1390 χάριν
633 1312 766 1399 ἀνάσχη,
791 1315 794 1391 Ι
819 1311 898 1394 μηδὲ
919 1317 975 1384 τάς
996 1311 1145 1394 ῆμετέρας
1167 1311 1301 1384 έλπίδας
1321 1312 1375 1373 έπὶ
1395 1317 1444 1374 σοί
1469 1315 1653 1394 ψευσθῆναι
1675 1335 1780 1392 παρα·
1843 1313 1922 1378 286²

346 1416 515 1502 σκευάσης,
550 1414 633 1476 ἀλλὰ
658 1421 767 1478 πᾶσαν
789 1417 848 1499 ῆδη
871 1416 1024 1496 σπουδῆν,
1058 1419 1167 1477 πᾶσαν
1189 1418 1378 1495 προθυμίαν
1397 1415 1569 1491 είοένεγκαι
1592 1420 1662 1494 περὶ
1684 1420 1717 1476 τὸ
1741 1421 1853 1498 σαφῶς
1875 1416 1921 1478 ὅτι

345 1521 483 1600 μάλιστα
506 1529 558 1581 καί
580 1529 637 1584 σῦν
659 1520 803 1600 ἀκριβείᾳ
826 1520 929 1608 πολλῆ
952 1522 1005 1603 τῆν
1029 1523 1091 1581 τῶν
1114 1522 1221 1600 νόμων
1237 1520 1385 1582 διάνοιαν
1401 1518 1613 1582 ἀναπτύσσειν
1634 1529 1698 1593 τοῖς
1720 1523 1812 1593 νέοις,
1834 1522 1921 1585 τοῦτο

344 1626 448 1704 μόνον
476 1627 568 1704 ἔργον
597 1625 787 1705 ποιούμενος
815 1626 953 1705 διηνεκὲς
982 1631 1036 1685 καὶ
1065 1622 1172 1685 ἀίδιον
1205 1628 1258 1685 καί
1287 1629 1359 1704 περί
1387 1629 1477 1687 τοῦτο
1505 1625 1560 1705 τῆν
1588 1623 1664 1705 ὅλην
1693 1621 1923 1685 ἀπαναλίσκων

348 1730 439 1811 ζαῆν,
463 1732 582 1810 νύκτωρ
605 1733 664 1808 μὲν
677 1729 813 1807 μελετῶν
828 1731 866 1790 τά
883 1728 962 1809 πρὸς
976 1731 1030 1810 τῆν
1047 1727 1214 1810 ἑρμηνείαν
1229 1733 1435 1803 συντείνοντα,
1457 1728 1635 1809 ἑρμηνεύων
1650 1727 1685 1789 δὲ
1700 1730 1776 1806 μεθ’
1792 1726 1922 1809 ἡμέραν,

348 1839 400 1893 καί
424 1835 501 1894 καθ’
523 1831 656 1914 ἑκάστην
678 1831 803 1905 α’όκνως
832 1843 896 1906 τοῖς
925 1829 1084 1914 φοιτηταῖς
1114 1831 1252 1911 ὁμιλῶν·
1282 1834 1412 1894 ἐκείνων
1441 1831 1540 1913 δῆλον
1568 1830 1614 1892 δτι
1644 1837 1696 1893 καί
1723 1833 1834 1910 μόνων
1862 1837 1923 1894 τῶν

348 1935 472 2017 ῆμερῶν
493 1934 567 2015 ὑμίν
588 1933 840 2019 ὑπεξῃρημένων,
873 1939 950 1997 καθ’
973 1935 1012 2007 ἀς
1039 1936 1121 1997 ἔστιν
1150 1937 1229 2008 ἔθος
1257 1944 1310 1997 καί
1339 1945 1402 2010 τοῖς
1428 1945 1654 2016 γραμματικοῖς
1681 1934 1796 2016 σχολῆν
1823 1937 1922 2012 ἀγειν.

438 2040 463 2077 ¹⁴
475 2038 514 2102 οὐ
536 2039 777 2120 φολοκρινῆσεις
799 2041 834 2102 δὲ
856 2045 926 2113 τούς
951 2042 1172 2118 συντρέχοντας
1193 2041 1246 2101 &ni
1268 2045 1322 2121 τῆν
1344 2044 1406 2101 τῶν
1420 2041 1527 2117 νόμων
1542 2038 1708 2119 ἀκρόασιν,
1732 2035 1809 2101 οὐδὲ
1824 2038 1922 2101 πλου-

348 2144 454 2225 τίνδην
470 2142 586 2218 αὐτοῖς,
610 2142 681 2204 ἀλλ’
697 2143 886 2224 ἀριστίνδην,
910 2142 951 2216 ῶς
976 2141 1033 2216 δεῖ,
1055 2146 1109 2225 την
1131 2149 1182 2225 τῆς
1201 2143 1367 2223 καθέδρας
1390 2144 1481 2215 τάξιν
1501 2141 1750 2225 ἀποκληρώσας·
1774 2147 1826 2203 καί
1848 2140 1924 2203 ἀνε-

350 2249 523 2328 πιφθόνως
544 2250 604 2325 μὲν
627 2246 748 2320 πάντας
769 2249 813 2318 είς
841 2248 896 2328 τῆν
926 2247 1088 2326 διατριβῆν
1117 2247 1300 2334 παραδέξη,
1331 2244 1520 2326 ἀναργόρως
1549 2245 1584 2307 δὲ
1613 2249 1693 2307 πᾶσι
1721 2251 1777 2306 καί
1807 2244 1923 2325 ἀμισθὶ

350 2351 490 2438 διαλέξη,
513 2357 566 2411 καί
589 2352 743 2430 καθαράν
763 2355 822 2427 μὲν
844 2352 897 2432 τῆν
918 2359 1017 2427 χεῖρα,
1040 2346 1196 2427 καθαρὰν
1218 2349 1254 2410 δὲ
1275 2349 1398 2432 χρῆσεις
1418 2350 1473 2431 τῆν
1494 2349 1639 2424 γλῶσσαν
1660 2353 1715 2409 καί
1729 2355 1783 2430 τῆν
1796 2346 1924 2432 γνώμην

348 2466 411 2528 τοῖς
433 2456 550 2534 νόμοις,
573 2460 608 2517 σί
627 2461 680 2514 καὶ
701 2456 769 2527 τοῦς
791 2455 845 2526 τάς
867 2452 969 2525 ἀλλας
992 2452 1093 2530 ἀρχὰς
1116 2453 1170 2514 διὰ
1195 2452 1366 2534 λημμάτων
1387 2455 1698 2532 καταρρυπαίνοντας
1714 2457 1796 2524 οἵαις
1809 2449 1923 2534 αὐστη-

348 2559 440 2644 ρίΙαις
460 2563 668 2638 μετέρχονται,
692 2559 783 2624 σίδας
806 2557 932 2628 πάντως
954 2557 1015 2635 πρύ
1038 2558 1177 2631 πάντων,
1200 2555 1217 2619 ὃ
1241 2561 1303 2618 τῶν
1324 2557 1433 2636 νόμων
1455 2557 1617 2640 έξηγητῆς·
1648 2555 1731 2638 πλῆν
1752 2555 1781 2617 εί
1845 2558 1923 2622 28Ῐι

346 2665 457 2744 μῆπου
479 2685 523 2734 τις
544 2665 662 2724 τούτων
683 2663 718 2736 ἔξ
738 2661 927 2739 εὐδαίμονος
951 2659 1133 2739 ὐρμῶμενος
1155 2664 1253 2734 οἴκου,
1276 2661 1409 2739 εὐγενῶς
1430 2663 1485 2722 τὸν
1507 2657 1702 2722 διδάσκαλον
1725 2660 1924 2744 φιλοφρονῆ-

350 2772 473 2831 σασθαι
495 2762 657 2846 βούλοιτο·
689 2767 754 2828 τότε
776 2768 836 2844 γάρ
860 2766 918 2844 οὐχ
939 2765 1026 2837 ὅπως
1049 2765 1292 2846 ἀπαγορεύομεν
1322 2769 1377 2846 τῆν
1405 2763 1506 2846 λῆψιν
1536 2765 1589 2825 τοῦ
1620 2763 1804 2842 διδομένου,
1836 2764 1922 2827 ἀλλά

349 2871 387 2952 δῆ
411 2875 465 2931 καί
487 2874 771 2949 προσεπαινοῦμεν,
796 2869 922 2952 συνῳδά
948 2877 1000 2929 καί
1024 2868 1110 2932 αὐτοὶ
1133 2879 1195 2941 τοῖς
1217 2869 1353 2946 εὐσεβέσι
1377 2867 1488 2947 νόμοις
1510 2873 1712 2949 φρονοῦντες,
1736 2876 1789 2929 καί
1809 2888 1924 2946 μισαν-

350 2977 503 3053 θρωπίαν
523 2977 582 3051 μὲν
604 2977 758 3053 κρίνοντες
781 2981 834 3055 τῆν
857 2976 933 3033 καθ’
957 2974 1034 3037 ὅλου
1056 2979 1111 3035 τοῦ
1134 2975 1251 3046 παντὸς
1273 2973 1408 3056 ἀποχῆν,
1431 2971 1677 3052 ἀπανθρωπίαν
1699 2973 1735 3035 δέ
1748 2972 1850 3036 πάλιν
1870 2982 1926 3057 τῆν

349 3077 461 3151 ἀπλῶς
487 3082 548 3139 τῶν
578 3078 707 3140 πάντων
740 3077 938 3158 παραδοχῆν.
1038 3077 1234 3164 15προνοῆση
1263 3078 1299 3140 δέ
1328 3078 1466 3158 μάλιστα
1499 3082 1552 3139 καί
1581 3081 1633 3158 τῆς
1666 3081 1729 3139 τῶν
1760 3077 1925 3158 ἀκροατῶν

347 3183 534 3261 εὐκοσμίας,
568 3188 621 3243 καὶ
649 3190 752 3263 σχῆμα
781 3185 817 3267 τῆ
845 3180 941 3268 σχολῆ
975 3182 1157 3264 περιθῆοεις
1185 3186 1421 3264 φροντιστηρίου
1443 3185 1574 3260 σεμνοῦ,
1606 3180 1779 3264 έπειδῆπερ
1802 3184 1853 3244 δεῖ
1872 3184 1926 3246 τόν

350 3288 542 3359 παιδεύσεως
563 3285 722 3370 ἀληθινῆς
744 3283 936 3365 ὀρεγόμενον
958 3287 1019 3365 πριί
1043 3290 1097 3349 τοῦ
1118 3285 1212 3362 λόγου
1234 3288 1288 3348 τόν
1310 3287 1429 3366 τρόπον
1457 3292 1510 3348 καί
1539 3287 1571 3349 εδ
1599 3282 1681 3366 ῆθος
1708 3287 1789 3365 ἔχειν
1811 3309 1925 3348 πεπαι·

349 3390 511 3470 δεομένου.

438 3495 525 3558 16Ἅν
547 3494 627 3556 οὕτω
650 3499 747 3558 ταῦτα
771 3497 881 3580 ποιῆς,
913 3498 966 3553 καὶ
993 3499 1132 3558 τοιοῦτον
1162 3496 1277 3555 σαυτόν
1305 3494 1358 3555 ἐπὶ
1386 3498 1448 3555 τῶν
1478 3494 1578 3573 ἔργων
1608 3490 1682 3574 ῆμῖν
1702 3490 1926 3555 ἀποδεικνύειν

350 3597 541 3684 σπουδάζης,
574 3596 669 3669 αὐτός
690 3619 720 3658 τε
743 3594 805 3677 πρὸ
830 3597 969 3671 πάντων,
1002 3603 1055 3658 καὶ
1085 3600 1161 3674 μετὰ
1191 3600 1225 3659 σέ
1247 3599 1325 3659 καθ’
1347 3596 1418 3680 ἑξῆς
1439 3596 1469 3660 οἳ
1491 3600 1545 3659 τὸν
1568 3600 1706 3661 τοιοῦτον
1726 3599 1860 3677 βαθμδν
1881 3597 1925 3669 είς

348 3703 381 3765 τδ
403 3701 522 3781 μέλλον
543 3699 772 3778 διαδεξόμενοι,
795 3704 834 3761 τά
858 3723 888 3762 τε
911 3699 997 3760 ἀλλα
1019 3704 1133 3782 χρηστά
1158 3697 1246 3780 παρά
1270 3706 1321 3779 τῆς
1343 3699 1505 3777 βασιλείας
1526 3698 1616 3780 ῆμῶν
1638 3704 1692 3761 καὶ
1707 3700 1786 3762 κατά
1805 3703 1925 3762 σκοπδν

347 3805 423 3884 ὐμῖν
446 3800 629 3887 ἀπαντῆσει,
652 3804 780 3866 καὶτὸν
802 3805 1028 3885 μεγαλοπρεπῆ
1049 3807 1158 3866 τοῦτον
1180 3805 1315 3885 θρόνον,
1339 3805 1376 3866 δν
1391 3805 1442 3882 έφ’
1458 3803 1549 3877 ἀπαξ
1564 3802 1761 3880 πιστεύεσθε,
1784 3804 1839 3867 διὰ
1854 3808 1925 3884 βίον

349 3910 518 3995 καῆθέξετε,
540 3906 759 3988 ἀναφαίρετον
781 3933 810 3970 τε
833 3913 886 3969 καί
909 3906 1097 3987 ἀδιάδοχον,
1120 3908 1149 3969 εί
1170 3909 1214 3990 μῆ
1237 3930 1300 3970 που
1322 3931 1365 3980 τις
1387 3906 1478 3981 αὐτὸς
1499 3905 1613 3970 ἑαυτὸν
1635 3913 1688 3990 τῆς
1703 3908 1780 3992 τηλν
1847 3909 1926 3974 2872

348 4015 461 4096 ταύτης
490 4011 626 4086 ἀνάξιον
647 4010 815 4088 ἀπελέγξοι
844 4015 946 4094 τιμῆς,
981 4014 1040 4073 εἴτε
1070 4011 1239 4093 ῥᾳθυμίαν
1272 4016 1374 4074 νοσῶν
1407 4015 1464 4074 είτε
1494 4009 1656 4088 ἀμαθίαν,
1689 4014 1710 4094 ῆ
1737 4019 1791 4075 καὶ
1820 4013 1926 4086 ἄλλως

350 4118 523 4197 δύστροπος
553 4119 596 4177 ῶν
625 4122 678 4176 καί
709 4123 750 4200 τῷ
780 4117 867 4199 καλῶ
899 4121 984 4197 χορῷ
1013 4119 1109 4198 τούτῳ
1139 4122 1201 4177 τῶν
1227 4119 1497 4198 μαθητευομένων
1519 4114 1574 4179 οὐκ
1596 4116 1774 4199 εὔχρηστος·
1798 4118 1816 4180 ὃ
1838 4119 1926 4204 πόση

349 4222 478 4308 φυλακῇ
501 4220 732 4303 φυλαττόμενος
755 4220 771 4280 ὐ
795 4220 849 4280 τόν
872 4224 996 4301 θρόνον
1016 4224 1124 4285 τοῦτον
1145 4219 1341 4282 ἀποσκοπῶν
1369 4226 1422 4280 καί
1449 4223 1503 4281 τδν
1531 4217 1610 4300 ὑπὲρ
1641 4222 1783 4304 κεφαλῆς
1805 4225 1926 4300 τρέμων

348 4325 505 4398 κίνδυνον,
535 4327 577 4386 ἀν
605 4327 748 4408 φωραθῆ
778 4325 873 4395 κακὸς
902 4327 946 4384 ῶν
976 4327 1231 4405 ῆπαραβαίνειν
1253 4325 1335 4398 ὅλως
1354 4325 1478 4402 τολμῶν
1500 4330 1562 4384 τῶν
1583 4325 1661 4403 παρ’
1684 4323 1774 4405 ῆμῶν
1795 4349 1820 4386 τι
1845 4324 1923 4386 διω-

349 4433 513 4507 ρισμένων,
545 4429 587 4508 μῆ
618 4425 724 4497 ἄλλως
752 4431 785 4488 τό
809 4432 942 4506 πρᾶγμα
977 4431 1057 4489 κατὰ
1091 4433 1166 4493 νοῦν
1198 4429 1385 4508 λαμβανέτω
1415 4427 1489 4510 μηδ’
1519 4428 1708 4506 έπιχειρείτω
1740 4427 1926 4490 πανταίιασι

347 4532 524 4614 τηλικούτου
548 4534 647 4611 κιίβου
670 4536 857 4618 περιτροπῆ,
878 4531 907 4592 εί
927 4537 969 4612 μη
994 4534 1028 4592 za*
1053 4532 1199 4611 κράτιστα
1223 4537 1350 4595 πάντων
1372 4531 1473 4616 ἑαυτῷ
1495 4533 1712 4606 συγγινῶσκει,
1743 4538 1797 4592 καί
1819 4535 1927 4611 νόμον

346 4643 405 4716 μὲν
427 4638 593 4718 έμπειρίαν
614 4635 678 4715 μετ’
700 4634 869 4716 έπιστῆμης
898 4635 960 4713 ἔχει
990 4635 1130 4716 πολλῆν,
1164 4634 1317 4717 ἑκατέραν
1349 4638 1384 4699 δέ
1413 4637 1560 4709 γλῶσσαν
1590 4637 1648 4697 σῦν
1671 4633 1815 4714 ἀκριβείᾳ
1837 4635 1926 4724 πάση

348 4745 489 4822 προίεται
512 4781 554 4788 -
577 4746 630 4822 τῆν
651 4738 816 4820 ἑλληνικῆν
837 4740 917 4816 λέγω
941 4736 1053 4820 ταύτην
1076 4745 1128 4800 καί
1150 4744 1204 4822 τῆν
1227 4741 1283 4825 ὅση
1301 4741 1446 4825 ῥωμαῖκῆ
1461 4779 1512 4815 -,
1536 4743 1738 4820 καταθαρρεῖ
1758 4740 1794 4800 δὲ
1817 4736 1927 4801 κόπων

348 4846 565 4926 ταλαιπωρίας
587 4849 641 4905 καί
663 4839 847 4920 ἀγρυπνιῶν
869 4848 1058 4922 κακουχίας,
1091 4842 1136 4916 οίς
1158 4844 1282 4928 ἀνάγκη
1305 4846 1468 4910 δουλεύειν
1489 4846 1544 4908 τδν
1565 4848 1617 4928 τῆς
1637 4841 1819 4927 τηλικαύτης
1840 4849 1928 4927 τιμῆς
