4560 6172
353 2141 529 2205 Miraturos
544 2141 663 2206 multos
686 2158 757 2204 esse
781 2139 971 2204 crediderim
993 2141 1047 2220 qui
1068 2139 1188 2206 factum
1210 2139 1263 2217 sit,
1287 2144 1323 2203 11
1343 2157 1439 2219 quum
1453 2142 1590 2223 negotiis
1606 2140 1740 2209 obrutus
1757 2163 1860 2226 neque

265 2263 414 2325 umquam
437 2244 503 2334 otio
526 2243 567 2308 ad
594 2245 768 2324 scriptores
792 2243 889 2307 medii
915 2244 985 2307 aevi
1007 2261 1140 2325 graecos
1163 2242 1347 2325 diligentius
1376 2243 1529 2325 legendos
1557 2245 1712 2326 requisito
1743 2245 1860 2314 fruitus

266 2347 337 2423 sim,
360 2346 511 2412 Iohannis
526 2345 755 2410 Euchaitorum
769 2346 994 2426 metropolitae
1017 2365 1099 2426 quae
1122 2348 1154 2409 in
1177 2345 1286 2410 codice
1300 2346 1447 2410 vaticano
1463 2366 1577 2427 graeco
1602 2352 1664 2412 676
1688 2358 1861 2430 supersunt

265 2448 391 2512 edenda
414 2449 618 2529 susceperim.
664 2447 802 2513 officium
823 2449 923 2529 igitur
944 2448 1004 2513 hoc
1026 2448 1104 2511 mihi
1126 2449 1220 2513 modo
1243 2445 1415 2513 subnatum
1437 2450 1571 2514 discant.

353 2570 448 2631 quum
471 2570 580 2616 mense
599 2549 775 2615 Februario
798 2553 872 2617 anni
891 2557 970 2616 1881
997 2553 1129 2617 Romam
1152 2553 1320 2629 venissem,
1344 2552 1406 2617 dici
1421 2554 1472 2615 vix
1487 2560 1596 2633 potest
1611 2561 1730 2635 quanta
1745 2558 1859 2621 summi

265 2655 325 2717 viri
349 2652 572 2719 benevolentia
594 2673 645 2718 me
675 2656 868 2734 exceperint.
914 2661 948 2719 11
976 2662 1145 2736 postquam
1168 2655 1310 2719 Iohanne
1333 2654 1470 2734 Bolligio
1498 2655 1659 2733 rhenano,
1693 2660 1859 2724 societatis

266 2758 340 2821 Iesu
365 2758 468 2834 socio,
498 2757 665 2820 vaticanae
687 2755 902 2823 bibliothecae
932 2758 1113 2838 praefecto,
1148 2759 1190 2823 ad
1221 2776 1314 2838 quem
1344 2776 1402 2837 per
1423 2757 1586 2822 Wilhelmi
1608 2744 1738 2840 Wright
1766 2764 1858 2827 amici

267 2858 531 2941 cantabrigiensis
554 2861 720 2941 providam
743 2880 851 2926 curam
883 2880 1031 2926 accessus
1061 2861 1138 2925 mihi
1161 2867 1327 2942 patuerat,
1358 2861 1453 2940 paulo
1477 2860 1666 2926 familiarius
1688 2864 1735 2927 uti
1758 2868 1858 2945 coepi,

266 2964 466 3043 saepiuscule
482 2970 666 3043 querentem
681 2964 770 3028 illum
786 2965 902 3041 audivi,
926 2971 975 3028 tot
991 2983 1025 3029 se
1041 2983 1078 3029 ac
1098 2970 1189 3029 tanta
1205 2964 1364 3028 volumina
1386 2982 1502 3044 graeca
1525 2966 1649 3045 syriaca
1672 2968 1860 3046 aegyptiaca

267 3067 449 3146 aethiopica
471 3065 682 3146 descripsisse
704 3085 807 3149 neque
829 3072 865 3132 ut
887 3086 969 3131 nunc
992 3085 1044 3131 res
1068 3073 1193 3145 essent,
1224 3067 1366 3130 invenire
1396 3084 1491 3147 posse
1521 3069 1576 3148 qui
1605 3066 1666 3132 sibi
1689 3069 1859 3135 thesauros

266 3189 329 3234 non
353 3169 549 3251 spernendos
572 3170 604 3233 in
627 3171 729 3234 lucem
752 3171 917 3252 prolaturo
939 3171 1059 3235 vellent
1078 3170 1239 3251 opitulari.
1285 3177 1380 3252 atque
1402 3172 1434 3234 in
1456 3172 1568 3251 primis
1591 3173 1717 3252 quidem
1741 3173 1781 3238 de
1808 3174 1858 3238 Io·

266 3274 382 3339 hannis
404 3273 633 3337 Euchaitorum
655 3274 880 3354 metropolitae
907 3274 1064 3355 relliquiis
1086 3262 1205 3339 multus
1229 3280 1315 3350 erat,
1349 3292 1429 3355 quas
1452 3271 1492 3338 ab
1516 3292 1550 3337 se
1574 3274 1818 3355 diligentissime
1842 3297 1859 3342 e

267 3378 377 3442 codice
400 3377 491 3442 unico
515 3377 621 3441 nescio
645 3395 706 3457 quo
726 3383 870 3457 tempore
893 3378 926 3440 in
946 3379 1109 3457 proprium
1132 3395 1234 3458 penus
1256 3377 1432 3441 translatas
1454 3376 1645 3442 Wilhelmus
1662 3378 1860 3445 Studemund

267 3481 432 3562 professor
467 3481 741 3561 argentoratensis
769 3499 808 3545 11
842 3499 937 3560 quam
968 3499 1077 3546 omnes
1107 3483 1135 3545 ei
1166 3482 1271 3545 inesse
1303 3480 1445 3543 novimus
1475 3482 1678 3566 accuratione
1711 3481 1751 3546 ad
1785 3481 1860 3547 libri

267 3586 404 3650 vaticani
428 3583 523 3647 fidem
548 3583 651 3647 denuo
674 3583 835 3663 exegisset
856 3603 939 3648 anno
965 3590 1057 3648 1879.
1103 3582 1256 3649 narrabat
1267 3583 1422 3663 Bolhgius
1446 3601 1527 3663 quae
1550 3585 1592 3649 ad
1615 3584 1739 3650 edenda
1762 3603 1860 3667 opera

267 3690 325 3753 illa
348 3694 436 3752 esset
457 3686 603 3751 molitus:
635 3684 818 3752 hustranea
840 3689 945 3753 omnia
968 3687 1067 3754 fuisse
1090 3685 1269 3752 dictitabat.

355 3790 430 3873 quid
453 3791 577 3855 multa?
622 3790 741 3853 homini
765 3799 799 3856 et
821 3811 897 3872 erga
921 3791 1174 3856 mctcomissimo
1197 3797 1230 3854 et
1253 3790 1293 3854 de
1315 3790 1391 3855 viris
1408 3790 1512 3855 doctis
1535 3790 1680 3855 omnibns
1703 3799 1860 3872 quotquot

266 3893 495 3959 bibliothecam
510 3892 691 3957 vaticanam
714 3895 834 3960 adeunt
856 3896 975 3975 optime
1000 3901 1033 3960 et
1055 3895 1169 3959 merito
1194 3900 1227 3957 et
1241 3894 1393 3957 meritnro
1410 3910 1596 3958 succurrere
1611 3911 1674 3957 non
1691 3893 1859 3959 honestum

267 3996 372 4074 modo,
396 3996 452 4061 sed
476 4015 577 4077 paene
601 3998 817 4061 necessarium
840 3998 1020 4065 videbatur.
1066 4000 1174 4078 itaque
1197 3995 1298 4062 obtuli
1320 3995 1458 4076 opellam
1479 4014 1601 4059 meam:
1625 4016 1675 4061 me
1699 3996 1858 4063 editurum

267 4099 445 4182 pollicebar
467 4119 548 4180 quae
571 4099 728 4179 Bolligius
751 4099 994 4182 descripsisset,
1024 4122 1094 4167 cum
1118 4101 1226 4166 codice
1254 4099 1357 4165 denuo
1387 4101 1576 4164 contulisset
1598 4098 1858 4177 Studemundius,

231 4266 236 4273 .
265 4204 410 4284 quamvis
433 4211 466 4267 et
489 4223 508 4268 a
531 4205 688 4269 sermonis
704 4206 811 4284 graeci
827 4205 931 4286 qualis
954 4207 1083 4271 saeculo
1107 4205 1271 4270 undecimo
1294 4200 1486 4267 obtinuisset
1508 4222 1568 4269 usu
1593 4210 1626 4266 et
1649 4221 1668 4266 a
1690 4220 1798 4266 rerum
1821 4221 1859 4266 eo

267 4312 412 4386 tempore
435 4311 599 4386 gestarum
619 4307 774 4371 memoria
799 4326 902 4371 essem
926 4309 1059 4372 alienus.
1105 4306 1341 4371 excusationem
1356 4306 1440 4370 enim
1463 4307 1496 4369 in
1510 4312 1660 4386 promptu
1675 4303 1858 4371 habiturum

266 4428 315 4472 me
341 4407 553 4487 confidebam,
589 4411 616 4473 si
640 4410 744 4474 minus
768 4409 848 4473 bene
871 4429 938 4474 rem
961 4428 1114 4491 gererem.
1160 4427 1241 4488 quae
1274 4409 1314 4472 de
1343 4428 1417 4490 meo,
1444 4408 1547 4474 adtuli
1576 4427 1738 4489 perpauca
1767 4413 1856 4472 sunt:

267 4512 445 4575 orationem
468 4511 600 4576 distinxi
622 4548 665 4557 -
689 4531 761 4576 nam
784 4520 904 4593 puncta
927 4520 960 4577 et
982 4513 1122 4594 virgulas
1146 4530 1204 4592 pro
1227 4530 1315 4575 more
1338 4513 1459 4576 saeculi
1487 4513 1595 4592 posuit
1625 4509 1794 4587 librarius,
1819 4511 1858 4575 'id

264 4620 316 4678 cst
344 4614 544 4693 ineptissime
566 4635 626 4677 -ε
662 4617 841 4695 scripturae
869 4633 981 4679 sacrae
1011 4616 1098 4679 locos
1129 4614 1156 4678 si
1182 4632 1243 4677 non
1267 4630 1392 4690 omnes,
1427 4620 1462 4677 at
1484 4614 1670 4693 plerosque,
1702 4611 1855 4674 indicavi:

266 4716 369 4796 praeli
392 4735 486 4780 curas
509 4719 589 4782 satis
613 4720 766 4783 molestas
788 4719 828 4782 in
844 4736 894 4781 me
917 4719 1056 4797 suscepi:
1081 4722 1200 4780 11111
1226 4714 1323 4779 verbo
1346 4715 1460 4793 dicam,
1483 4715 1525 4779 ad
1549 4717 1687 4780 omnium
1710 4715 1857 4779 notitiam

266 4820 395 4895 evocavi
418 4840 499 4901 quae
522 4823 550 4886 si
573 4823 724 4887 auxilium
747 4839 963 4899 recusassem,
998 4839 1060 4884 non
1089 4819 1183 4884 modo
1213 4836 1276 4882 non
1299 4819 1412 4883 melius
1435 4818 1556 4883 editum
1586 4819 1626 4882 iri
1655 4819 1713 4884 sed
1735 4818 1858 4883 inedita
1889 4880 1911 4921 ᾖ

265 4943 454 4989 remansura
476 4927 598 4990 scirem.
680 4982 686 4990 .
1846 4890 1887 5002 ⁶53

1522 5037 1573 5105 af*

1290 5093 1311 5123 9
