4560 6172
1765 561 1808 626 ‘13

216 732 328 814 ἔχομεν
363 740 605 807 συνεισενεγκεῖν
637 729 713 812 ύμῖν
743 727 983 811 γνωριμώτερον
1012 730 1080 794 ούτε
1108 729 1369 815 πρεπωδέστερον
1402 728 1564 812 σύμβολον
1592 732 1645 812 τῆς
1677 729 1733 792 έπί
1763 732 1807 816 τηῖ

214 834 370 915 συμβάντι
392 838 604 917 περιχαρείας.

304 939 399 1006 130.
421 937 473 1002 λα.
504 937 640 1000 1Πάντα
661 959 716 1018 μοι
739 936 827 998 καλά
847 959 879 998 τε
899 940 954 997 καί
976 934 1087 998 δίκαια
1108 937 1147 998 τά
1168 938 1222 1019 τής
1242 940 1299 1020 σής
1319 940 1437 1019 σοφίας
1459 941 1513 998 καί
1536 935 1736 1010 δυναστείας,
1771 929 1808 997 αἳ

212 1039 414 1122 ἀποφάσεις,
437 1038 473 1102 αἶ
493 1044 629 1121 γνῶμαι,
652 1039 690 1102 τά
713 1037 1009 1118 προστάγματα,τά
1032 1042 1237 1122 ψηφίσματα,
1260 1044 1351 1103 πάσα
1366 1042 1484 1120 πρᾶξις
1498 1037 1621 1114 άπλιύς,
1645 1036 1808 1120 δικαστική

214 1165 246 1205 τε
267 1147 321 1204 καὶ
343 1143 470 1226 λογική,
503 1141 550 1217 οίς
571 1141 745 1206 ἀκόλουθα
773 1139 812 1225 δή
835 1162 898 1205 που
919 1145 975 1202 καὶ
996 1141 1034 1203 τά
1057 1142 1137 1203 κατά
1159 1144 1215 1205 τόν
1236 1145 1355 1227 πένητα
1377 1145 1486 1207 τοῦτον
1507 1141 1659 1218 ἔγνωσταί
1681 1159 1731 1204 σοι
1753 1145 1807 1202 καί

214 1247 415 1333 πέΙπρακται.
461 1247 516 1309 ’τό
540 1246 576 1308 δὲ
599 1248 655 1308 νῦν
677 1243 931 1325 πρεσβευόμενον
953 1242 1011 1308 ούκ
1034 1241 1201 1327 ἀνα-τροπή
1222 1268 1267 1319 τις
1295 1244 1363 1309 οὐδ’
1387 1245 1586 1322 έναντίωσις,
1619 1244 1662 1318 τδς
1749 1244 1808 1310 79²

216 1349 311 1421 αὐτὸς
323 1351 421 1430 αίτιᾷ,
442 1353 498 1413 τοῦ
515 1352 681 1429 κριθέντος
695 1347 786 1422 άπαξ
802 1346 910 1428 ύρθῶς
929 1384 963 1396 -
982 1343 1077 1431 ήγδιρ
1094 1350 1136 1410 ἀν
1150 1351 1193 1430 τῷ
1205 1349 1272 1411 ὄντι
1288 1352 1471 1433 μαινοίμην,
1495 1348 1524 1410 εί
1543 1349 1577 1409 τύ
1598 1348 1704 1421 καλῶς
1726 1346 1806 1411 οὕτω

216 1457 360 1533 κείμενον
381 1463 480 1515 κινεῖν
502 1454 692 1534 πειραθείην
706 1487 758 1526 -,
782 1449 852 1513 ἀλλ’
874 1450 1065 1534 έκδηλοτέρα
1087 1450 1249 1532 σαφήνεια
1273 1488 1314 1500 -
1337 1448 1380 1524 άς
1401 1451 1540 1530 έμαοτδν
1556 1449 1617 1527 έγιύ
1634 1453 1741 1513 πείθω
1763 1486 1806 1498 -

217 1563 271 1639 τῆς
292 1556 596 1638 προεξενεχθείσης*
626 1553 745 1637 έκείνης
775 1572 824 1615 σοι
849 1555 1038 1633 θαυμαστῆς
1059 1551 1268 1637 ἀποφάσεως.
1315 1550 1570 1637 θάμφισβήτησις
1591 1553 1654 1635 γάρ
1676 1576 1722 1627 τις
1742 1564 1807 1627 τοῖς

216 1659 487 1741 ἀντικρινομένοις
516 1657 656 1734 ἐγένετο,
689 1658 812 1739 ποτέρῳ
840 1654 966 1734 μᾶλλον
998 1654 1104 1719 αύτιῦν
1136 1654 1154 1739 ή
1184 1660 1249 1719 τῶν
1278 1657 1522 1739 δαπανημάτων
1551 1654 1717 1740 ἀνάληψις
1738 1657 1807 1734 έξε-

217 1754 351 1846 χωρήθη
374 1763 463 1844 παρὰ
486 1765 539 1842 τῆς
561 1763 696 1843 ψήφου,
722 1758 791 1820 έπεῐ
810 1757 911 1841 μηδέν
933 1781 960 1821 τι
983 1762 1085 1839 σαφὲς
1107 1763 1179 1839 περὶ
1200 1757 1309 1823 τούτου
1330 1761 1384 1823 τοῦ
1405 1761 1522 1841 μέρους
1543 1759 1579 1822 έν
1602 1758 1680 1849 αὐτῇ
1702 1780 1805 1842 προσ-

219 1866 394 1947 διοίρισται.
435 1865 504 1936 4είς
532 1868 620 1927 τοῦτο
650 1864 817 1941 τοιγαροῦν
847 1859 986 1941 ἀπορίας
1008 1862 1194 1940 ἐνεχθέντος
1216 1859 1258 1925 αῦ
1279 1859 1381 1923 πάλιν
1401 1866 1457 1925 τοῦ
1476 1866 1651 1946 τμηθέντος
1672 1862 1733 1947 ήδη
1755 1862 1807 1936 ζ-

218 1972 361 2052 τήματος,
386 1970 475 2048 παρά
498 1967 550 2048 τῆς
573 1970 628 2048 σής
649 1964 814 2044 ἀκριβείας
835 1962 1034 2042 ἀπαιτοῦμεν
1055 1966 1111 2047 τήν
1132 1963 1311 2048 ἑρμηνείαν,
1334 1962 1378 2039 άς
1393 1963 1469 2027 ἀνό
1490 1967 1524 2028 τύ
1542 1964 1620 2028 ὅλον
1634 1966 1807 2050 εύθετήσας

218 2078 272 2155 τῆς
304 2071 493 2142 ὑποθέσεως
522 2074 576 2130 καὶ
602 2074 636 2129 τδ
658 2071 754 2149 μέρος
777 2067 846 2146 ἀμα
869 2071 1128 2151 συνευθετήσοις,
1156 2073 1216 2130 καί
1247 2068 1384 2150 μηδενός
1415 2067 1523 2151 ἑτέρου
1552 2073 1589 2158 τῇ
1619 2068 1736 2153 πράξει
1757 2091 1807 2132 τε-

219 2177 325 2256 χνίτου
347 2175 401 2236 έπί
421 2177 457 2260 τή
479 2193 516 2261 οη
540 2171 646 2255 δεήσοι
667 2175 756 2251 χειρί,
779 2173 818 2254 ἢν
840 2175 894 2232 καί
915 2174 952 2232 τά
975 2176 1038 2232 τῶν
1059 2171 1169 2233 ἀλλων
1191 2172 1385 2253 γινώσκομεν
1408 2170 1450 2245 ὥς
1470 2171 1699 2256 έμπειροτέραν
1721 2172 1807 2252 διορ·

220 2281 395 2362 θουμένην.
441 2276 608 2340 5τοσούτου
631 2275 670 2357 δή
698 2272 802 2354 μόνου
834 2279 888 2337 καί
910 2272 1041 2349 οὐδενὸς
1062 2272 1209 2354 δεόμεθα
1239 2275 1401 2350 πλείονος,
1435 2276 1809 2359 προσνπομιμνήσκοντες

218 2383 290 2462 ἅμα
312 2384 450 2443 καὶτῶν
472 2380 591 2466 νόήμων
612 2382 675 2442 τῶν
697 2382 772 2454 σάν,
796 2383 830 2441 ολ
848 2381 925 2459 μετά
948 2381 1003 2442 τοῦ
1027 2376 1173 2440 θάλπειν
1194 2377 1245 2439 ἀεί
1277 2385 1331 2439 καί
1353 2381 1515 2460 περιέπειν
1536 2383 1570 2442 τδ
1594 2401 1663 2442 κιν-
1751 2380 1808 2446 80¹

220 2484 355 2548 δυνεῦον
376 2483 420 2546 ἔτι
442 2487 496 2544 καὶ
517 2484 551 2545 τδ
575 2481 768 2566 φιλάγαθον
789 2482 824 2543 έν
847 2493 915 2555 ταῖς
936 2479 1115 2564 ἑρμηνείαις
1135 2484 1198 2543 τῶν
1216 2480 1411 2563 ἀμφιβόλων
1429 2479 1619 2546 ἀπαιτοῦσιν
1633 2482 1716 2560 ὑμεῖς
1737 2487 1809 2558 τούς

218 2590 279 2650 εἴτε
299 2587 469 2658 διακόνους
489 2584 619 2646 ἐκείνων
641 2589 695 2646 καὶ
717 2585 874 2666 ὑπηρέτας
895 2586 953 2647 εἴτε
975 2583 1159 2648 τούναντίον
1180 2581 1337 2666 ἡγεμόνας
1358 2589 1411 2645 καί
1433 2583 1605 2662 ἄρχοντας,
1637 2585 1706 2648 ἐπεί
1728 2587 1809 2668 πρὸς

221 2692 255 2753 τύ
278 2687 427 2768 ὑμέτερον
447 2687 595 2770 βούλημα
618 2685 795 2766 ἀγομένους
817 2685 928 2761 αύτούς
950 2686 993 2760 ὥς
1014 2687 1052 2750 τά
1076 2685 1182 2749 πολλά
1206 2689 1338 2767 θεωρῶ,
1370 2684 1452 2762 λέγω
1482 2683 1518 2746 δὲ
1546 2687 1617 2760 τοῦς
1646 2687 1809 2762 πλείστους

221 2797 284 2855 τάν
304 2792 415 2854 ἄλλων
436 2792 559 2854 έννοῶν
581 2790 753 2853 δικαστῶν·
783 2795 840 2853 σοῦ
862 2793 924 2871 γάρ
947 2793 1040 2852 ένεκα
1061 2793 1116 2853 τοῦ
1139 2792 1247 2851 πάντα
1270 2791 1405 2869 νομίμου
1427 2787 1568 2869 βασιλεῖς
1589 2786 1620 2852 οἶ
1641 2791 1735 2870 νόμοι
1756 2793 1810 2873 τής

222 2901 288 2979 γῆς.
333 2895 382 2957 6εί
404 2895 440 2957 δὲ
461 2895 499 2957 τά
524 2895 600 2973 παρ’
624 2892 736 2966 ἀλλοις
758 2891 927 2974 ἀμφίβολα
949 2895 1052 2972 τέμνει
1076 2891 1329 2975 φιλανθρωπία,
1364 2890 1384 2976 η’
1412 2914 1476 2955 που
1497 2897 1540 2976 τῷ
1563 2899 1659 2956 παντί
1682 2893 1810 2957 δικαιό-

221 3020 312 3081 τερον
333 2996 419 3078 ὑμεῖς
440 2996 554 3069 αύτούς
583 2995 619 3059 έν
647 3006 716 3069 ταῖς
745 2999 862 3076 κρίσεσι
892 2995 1193 3078 φιλανθρωπότατα
1223 2993 1353 3056 πάντων
1382 2992 1511 3068 ἑαυτούς
1539 2996 1726 3078 ἐξηγεῖσθαι
1752 3001 1810 3058 ’καὶ

223 3102 307 3167 πολύ
325 3106 359 3164 τό
373 3099 565 3184 φιλάγαθον
578 3099 846 3179 έγκαταμιγνύναι
860 3108 929 3172 ταῖς
942 3096 1157 3181 ἀποφάσεσιν,
1181 3104 1236 3160 ίνα
1247 3098 1327 3159 κατά
1342 3099 1397 3180 τήν
1410 3102 1588 3179 παροιμίαν
1604 3098 1621 3161 δ
1635 3099 1811 3180 τιτριύσκων

223 3210 278 3268 καὶ
300 3205 400 3287 ίῷτο*
421 3205 455 3265 τδ
478 3206 618 3282 τραῦμα,
651 3200 796 3275 κάκεῖνος
817 3203 873 3264 τόν
895 3202 1012 3282 δεσμὸν
1033 3201 1103 3266 λύοι
1126 3199 1244 3276 πάλιν,
1277 3199 1295 3262 δ
1319 3199 1445 3281 δεσμῶν
1470 3204 1525 3283 τήν
1547 3200 1664 3284 ἀρχήν·
1700 3203 1809 3268 ττοῦτο

221 3313 327 3372 τοίνυν
349 3307 384 3370 ἔκ
405 3309 521 3370 τετῶν
544 3306 709 3384 νόμωνὲκ
731 3328 762 3367 τε
791 3307 844 3388 τής
872 3308 989 3371 σαυτοῦ
1017 3309 1160 3387 φύσεως,
1198 3305 1216 3389 ἢ
1247 3303 1423 3388 χρηστότητι
1450 3308 1553 3387 χαίρει
1583 3304 1811 3389 διαφερόντως,

221 3410 434 3492 χαρισάμενος
463 3406 538 3491 ἡμῖν
562 3407 608 3480 είς
634 3407 668 3470 τό
691 3411 842 3488 πρᾶγμα,
872 3410 912 3471 τά
935 3431 971 3487 γε
991 3407 1077 3470 ἀλλα
1100 3411 1181 3471 κατά
1204 3406 1321 3470 σαυτδν
1349 3408 1430 3490 πρδς
1452 3409 1486 3471 τδ
1508 3409 1624 3471 δοκοῦν
1646 3407 1811 3484 ἀκοίλντος

224 3517 365 3593 πέραινε.
410 3510 602 3589 8ἐπεύχομαι
621 3509 658 3571 δέ
669 3526 719 3572 σοι
730 3513 823 3590 μέχρι
835 3512 953 3584 παντὸς
972 3511 976 3599 Ι
993 3499 1290 3594 συμπαραμενεῖνῆα
1308 3510 1342 3573 τό
1360 3517 1418 3573 νῦν
1432 3511 1559 3594 αῦχημα
1575 3514 1665 3593 παρά
1754 3512 1811 3579 80¹

223 3620 355 3680 πάντων
375 3613 493 3694 δμοίως
516 3612 740 3692 πιστευόμενόν
761 3636 792 3676 τε
814 3618 868 3676 καί
889 3613 1152 3695 θαυμαζόμενον.
1197 3626 1293 3678 ποῖον
1322 3613 1364 3698 δή
1392 3636 1474 3698 φημι
1495 3619 1602 3694 τοῦτος
1635 3614 1668 3678 τδ
1692 3627 1811 3679 σονιεῖν

222 3739 257 3782 σε
295 3723 423 3784 τοιαῦτα
455 3723 509 3780 καί
538 3719 716 3799 φοβεῖσθαι
748 3717 804 3780 τόν
837 3717 947 3798 κύριον
976 3721 1029 3780 καὶ
1063 3729 1168 3781 ποιεῖν
1199 3722 1297 3800 κρίμα
1329 3723 1382 3781 καὶ
1415 3718 1620 3802 δικαιοσύνην
1657 3720 1694 3782 έν
1723 3723 1811 3807 μέσῳ

222 3845 274 3904 τοι
296 3846 360 3904 τοι.

310 3927 399 3996 lm.
421 3924 471 4002 λβ.
518 3925 610 3987 ιΤόν
633 3925 741 4003 ίατρδν
762 3928 823 4004 μὲν
844 3922 862 3987 δ
885 3925 1033 4004 κάμνων,
1068 3923 1145 3987 όδέ
1167 3924 1361 3990 κινδυνεύων
1382 3926 1438 3989 τδν
1459 3927 1667 4008 κυβερνήτην,
1697 3926 1754 3990 τόν
1775 3927 1812 3990 δὲ

222 4030 400 4112 προστάτην
428 4028 445 4092 ὁ
475 4029 726 4110 τυραννούμενος
747 4026 932 4106 ἀναγκαίως
953 4029 1102 4111 έπιζητεί·
1131 4029 1201 4090 έπεί
1232 4030 1267 4093 δὲ
1297 4032 1362 4099 πάς
1391 4027 1409 4090 δ
1442 4027 1539 4110 ζητοῦν
1567 4026 1700 4107 εύρίσκει
1730 4031 1811 4093 κατά

222 4137 279 4216 τήν
301 4137 399 4195 θείαν
422 4132 571 4215 φωνήν*,
601 4125 692 4209 εὗρεν
720 4129 788 4212 δφέ
811 4154 885 4195 ποτε
914 4138 968 4194 καὶ
990 4127 1080 4204 οὗτος
1111 4129 1129 4194 δ
1153 4130 1403 4214 τυραννούμενος
1423 4137 1478 4193 τδν
1500 4129 1613 4195 ἑαυτοῦ
1634 4133 1813 4215 προστάτην

223 4242 276 4297 καί
298 4236 443 4317 βοηθόν,
475 4236 529 4316 ἐφ’
553 4234 591 4295 ὃν
614 4235 803 4316 καταφεύγει
826 4239 880 4295 καὶ
902 4229 942 4300 ού
963 4239 1026 4297 τῶν
1048 4233 1209 4314 πτερύγων
1230 4233 1395 4315 ύποτρέχει
1416 4235 1472 4317 τήν
1495 4235 1613 4316 σκέπην
1643 4231 1686 4307 ὥς
1716 4233 1813 4315 δρυδς

222 4336 387 4420 ύψικόμον
408 4343 462 4399 καί
482 4325 661 4418 μεγάλου““
677 4341 771 4399 σκιάν
793 4335 975 4416 δδοιπόρος,
998 4342 1041 4422 τῷ
1063 4340 1167 4415 πνίγει
1189 4340 1242 4402 τοῦ
1264 4343 1392 4419 θερείου
1414 4334 1568 4408 θάλπους
1589 4334 1813 4418 ἀπαγορεύων.

225 4440 263 4524 ’ἢ
283 4443 393 4524 γραφή
416 4440 452 4504 δέ
474 4442 620 4506 τοσοῦτον
642 4440 782 4503 συντελεῖ
802 4442 882 4520 πρὸς
903 4442 959 4521 τήν
979 4444 1106 4523 χρείαν·
1136 4439 1251 4522 δδηγδς
1272 4444 1316 4525 τῷ
1338 4445 1495 4519 πάσχοντι
1516 4441 1635 4516 γίνεται
1657 4443 1738 4522 πρδς
1759 4444 1814 4506 τόν

223 4550 278 4611 τοῦ
307 4549 440 4618 πάθους
470 4541 684 4625 θεραπευτήν·
717 4543 755 4604 τά
779 4543 807 4605 δ’
829 4544 883 4604 έπί
904 4547 1022 4617 τούτοις
1043 4543 1173 4616 έκείνοις
1197 4543 1297 4627 δήλων
1317 4543 1364 4607 ὅτι
1385 4543 1530 4625 μελήσει,
1561 4547 1605 4626 τῷ
1625 4547 1696 4625 μέν,
1726 4543 1815 4618 ὅπως

225 4649 316 4725 δόξοι
339 4652 382 4729 τηῖ
406 4648 576 4728 δυναμένῳ
599 4645 709 4729 σῴζειν
730 4646 877 4720 έλεεινός,
899 4649 955 4729 τήν
977 4646 1090 4712 ἑαυτοῦ
1109 4649 1281 4729 συμφοράν
1302 4646 1545 4729 έκτραγωδήσας
1567 4644 1674 4722 ἀξίως,
1700 4651 1744 4730 τῷ
1766 4646 1814 4721 δέ,

220 4753 270 4825 τός
285 4755 393 4833 μηκέτι
415 4753 470 4814 τόν
490 4749 593 4833 ἱκέτην
607 4749 771 4829 έκπέμφοι
793 4749 1026 4833 παραπλησίως
1040 4749 1176 4832 οίκτρόν,
1189 4749 1194 4837 Ι
1208 4750 1279 4812 άλλ’
1300 4749 1420 4823 ίιιανιῦς
1440 4772 1471 4812 τε
1489 4751 1545 4832 τήν
1567 4749 1672 4831 λύπην
1758 4749 1816 4815 81¹

288 4894 303 4928 τ
321 4874 553 4943 προτξενεχθτίοιις
570 4870 612 4937 θ’,
629 4873 834 4943 προεξτχθτίσης
851 4872 885 4928 0¹
905 4871 1074 4925 seudomund
1089 4873 1094 4938 Ι
1111 4875 1126 4924 6
1143 4869 1203 4923 ίιῦτο
1223 4870 1264 4936 0¹,
1282 4870 1354 4924 ίοῖιτο
1372 4869 1406 4925 0⁸
1426 4870 1613 4938 Studemundl
1630 4891 1642 4925 1
1662 4871 1756 4926 Matth
1766 4875 1816 4937 7,8

1460 4983 1503 5043 10
