4560 6172
345 525 408 591 188
1842 527 1930 595 10⁰

343 696 522 776 λεγομένων
544 692 718 771 ἀκούοντες,
742 692 850 778 ῆδίους
872 694 995 760 ἐαυτῶν
1016 699 1180 773 γένοισθε·
1214 697 1292 760 *τῶν
1320 703 1382 780 γὰρ
1412 697 1562 780 λυπηρῶν
1589 695 1634 770 ῶς
1660 698 1785 761 ἐπίπαν
1806 696 1930 778 ἀνιαρά

342 804 402 880 μέν
424 797 441 880 ῆ
466 808 571 878 πείρα,
594 794 700 883 ῆδίστη
723 799 759 862 δὲ
782 799 800 883 ῆ
821 797 929 884 μνῆμη
951 808 1005 861 καί
1028 794 1044 884 ῆ
1068 797 1235 885 ἀφῆγησις.
1256 803 1288 863 ιδ
1312 801 1342 864 δ’
1364 799 1420 866 οὖν
1441 804 1570 878 γεγονδς
1590 800 1628 883 η’ν
1651 801 1787 868 τοιόνδε.

432 901 685 985 48Μισθοφόροι
708 901 749 985 δῆ
770 924 850 975 τινες
870 901 1047 984 βάρβαροι,
1079 903 1194 986 θρόσει
1223 905 1379 985 χρῶμενοι
1409 910 1462 967 καί
1488 905 1588 993 τόλμη
1618 908 1707 987 παρά
1739 907 1794 978 τάς
1817 908 1929 986 μάχας

343 1014 397 1069 καὶ
417 1006 518 1090 μηδὲν
540 1010 621 1087 πρός
641 1004 826 1089 ἀσφάλειαν
854 1007 922 1089 μῆτ’
952 1007 1070 1079 εἰδότες
1097 1008 1174 1090 μῆτε
1201 1011 1379 1086 μαθόντες,
1414 1013 1497 1071 κατά
1527 1032 1597 1072 τινα
1626 1012 1706 1091 μίαν
1736 1009 1927 1092 προπηδῶσι

344 1110 483 1175 πυλίδα·
506 1112 526 1192 ῆ
547 1109 754 1193 προπηδῶσιν
775 1113 796 1192 η’
817 1109 1100 1192 προσυντάττονται
1128 1149 1165 1160 -
1186 1110 1280 1176 οἰδὲν
1300 1117 1362 1193 γὰρ
1385 1113 1495 1175 διοίσει
1515 1137 1561 1162 -·
1584 1110 1630 1186 οίς
1651 1113 1686 1175 ἐκ
1707 1115 1761 1177 τού
1778 1117 1928 1192 τυχόντος

344 1218 596 1296 συναναμέμικτο
627 1219 681 1275 καὶ
711 1217 764 1278 τού
793 1215 953 1280 πολιτικοῦ
978 1239 1005 1278 τι
1031 1215 1149 1295 βραχύ,
1180 1214 1378 1296 ἀγύμναστον
1405 1219 1464 1295 μέν
1493 1217 1673 1296 πολεμικῶν
1701 1215 1785 1289 ὅλως
1815 1217 1927 1295 τ’ργων,

344 1319 450 1392 ἄλλως
472 1320 508 1382 δέ
530 1318 685 1401 τολμηρόν
707 1321 761 1379 καὶ
782 1323 933 1398 προπετὲς
955 1323 1009 1380 καὶ
1030 1319 1228 1400 παράβολον,
1250 1321 1337 1382 ἐπεὶ*
1360 1318 1587 1402 φιλοκίνδυνον
1609 1318 1759 1403 ῆάγνοια
1781 1324 1836 1385 τού
1858 1343 1928 1382 κιν-

345 1422 453 1498 δύνου,
476 1429 530 1485 καὶ
544 1423 658 1500 γλυκύς
680 1421 774 1507 (ὅπερ
788 1422 945 1507 λέγουσιν)
966 1420 984 1485 δ
1005 1422 1009 1508 ῆ
1027 1421 1164 1503 πόλεμος
1178 1434 1243 1498 τοῖς
1257 1423 1410 1505 ἀπείροις.
1497 1423 1651 1496 44τούτοις
1663 1424 1778 1486 ἐκείνω
1844 1424 1925 1488 268³

345 1530 419 1592 λίαν
441 1528 587 1608 οἰομένας
609 1526 652 1600 ῶς
672 1525 778 1614 ἑτοίμη
802 1525 892 1608 θῆρα
913 1531 972 1589 τινί
985 1529 1084 1608 θῆρες
1098 1529 1215 1607 ἕτοιμοι
1231 1531 1311 1609 πρδς
1326 1527 1437 1610 θήραν
1453 1527 1691 1609 ἐπιδραμόντες,
1714 1529 1925 1606 πανταχόθεν

343 1657 374 1696 τε
397 1637 601 1716 περιέστησαν
622 1637 675 1693 καὶ
698 1630 840 1693 ἀλλυθεν
861 1629 960 1702 ἀλλος
982 1631 1144 1704 νύσσοντες
1166 1630 1280 1712 δόρασί
1302 1655 1332 1694 τε
1355 1638 1409 1693 καί
1432 1633 1555 1714 ξίφεσιν
1576 1630 1672 1698 αὐτοῦ
1694 1635 1763 1704 τοὺς
1785 1631 1925 1705 ἀθλίους

344 1737 526 1819 οἰκτρότατα
555 1738 795 1816 κατεκέντησαν,
832 1731 948 1810 ἀλέγων
977 1739 1184 1798 παντάπασιν
1213 1734 1393 1817 ἀναφυγεῖν
1428 1735 1633 1818 δυνηθέντων
1662 1735 1754 1816 μόλις
1784 1736 1838 1799 ἐπὶ
1868 1740 1924 1809 τάς

344 1842 459 1914 πύλας.
487 1843 549 1905 ἐστι
571 1841 599 1904 δ’
621 1841 674 1912 οἷς
695 1839 738 1901 ἐτι
762 1842 915 1910 πνέοντας
937 1842 1038 1922 βραχὺ
1055 1847 1108 1900 καὶ
1132 1841 1319 1918 θανάσιμον
1342 1838 1401 1904 ύπδ
1423 1839 1610 1921 τραυμάταν
1631 1844 1763 1923 καιρίων
1786 1839 1804 1922 ῆ
1827 1842 1921 1919 βασι-

345 1946 413 2028 λικῆ
436 1946 525 2025 παρά
550 1944 651 2019 δόξαν
673 1941 853 2027 ἀνεσηίσατο
875 1942 1031 2023 πρόνοια,
1062 1945 1134 2015 τοδς
1161 1940 1446 2022 ἀναρπασομένους
1475 1942 1573 2017 ὀξέως
1597 1948 1773 2025 βιασαμένη
1795 1943 1922 2023 μᾶλλον

345 2054 365 2133 η’
385 2053 522 2113 πείσασα
543 2051 623 2128 πρὸς
644 2042 758 2130 ταύτην
779 2047 833 2128 τῆν
853 2044 1048 2128 ὑπουργίαν·
1085 2046 1163 2110 οὕτω
1187 2047 1301 2121 πάντες
1322 2046 1451 2126 ἀχανεῖς
1473 2047 1685 2129 ἐπεπηγεισαν
1705 2051 1748 2132 τῷ
1771 2047 1836 2109 δέει
1860 2053 1922 2110 τῶν

344 2155 530 2236 δρωμένων·
553 2158 606 2213 καί
628 2155 689 2231 γάρ
707 2153 854 2234 τοσαύτην
877 2149 1072 2233 κατάπληξιν
1094 2157 1146 2211 καὶ
1169 2155 1285 2234 φρίκην
1306 2151 1396 2234 ἐνῆκε
1417 2161 1481 2223 τοῖς
1497 2150 1668 2224 πολιτικοῖς
1689 2155 1722 2215 τδ
1738 2155 1917 2233 γενόμενον,

345 2257 387 2331 ῶς
409 2261 447 2321 τά
463 2260 542 2339 τείχη
556 2259 615 2337 μὲν
631 2256 706 2339 παρ’
723 2255 835 2319 αὐτίκα
858 2259 920 2318 τῶν
942 2254 1096 2336 φυλάκων
1116 2254 1333 2337 ἐρημωθῆναι,
1358 2254 1465 2318 ἀλλων
1485 2255 1536 2318 ἐπ’
1550 2255 1661 2328 ἀλλοις
1676 2256 1755 2336 πρός
1771 2254 1809 2316 τά
1824 2253 1920 2318 ἐνδον

345 2361 607 2445 καταπηδῶντων,
639 2363 700 2424 ἔστι
730 2361 758 2422 δ’
781 2355 827 2422 ῶν
855 2363 909 2420 καί
938 2357 1198 2421 καταπιπτόντων
1227 2359 1350 2448 σπουδῆ
1378 2383 1409 2420 τε
1439 2365 1491 2420 καὶ
1522 2362 1615 2442 φόβῳ
1638 2364 1691 2420 καὶ
1713 2358 1834 2441 πλῆθει
1857 2364 1919 2421 τῶν

344 2467 583 2541 συνωθούντων,
616 2465 757 2528 ἐκλιπεῖν
779 2464 808 2527 δ’
830 2460 959 2535 ἀνέτους
980 2464 1036 2535 τάς
1057 2462 1159 2535 πύλας
1178 2462 1248 2536 τούς
1267 2463 1319 2526 ἐπ’
1340 2463 1450 2537 αύιαίς
1471 2467 1675 2542 τεταγμένους
1696 2467 1749 2523 καί
1771 2472 1835 2535 τοῖς
1858 2485 1922 2524 πο-

344 2570 460 2648 λεμίοις
488 2567 651 2631 ἀκώλυτον
679 2573 909 2650 παραχωρῆσαι
938 2569 992 2648 τῆν
1022 2566 1156 2642 εἴσοδον,
1187 2566 1269 2640 ὅλως
1298 2590 1329 2629 τε
1352 2567 1446 2642 δόξαι
1468 2566 1680 2648 διεφθόρθαι
1705 2565 1708 2651 ῆ
1733 2569 1770 2627 τά
1836 2568 1919 2631 269¹

344 2674 531 2754 πράγματα,
563 2673 769 2736 εἰσπεσόντων
793 2669 854 2754 η”δη
875 2670 937 2732 ταῖν
956 2669 1107 2732 ἐναντίων
1141 2675 1195 2731 καί
1224 2674 1279 2733 τού
1297 2673 1453 2752 τυράννου
1474 2675 1610 2751 βεβαίως
1631 2675 1668 2732 τά
1690 2671 1836 2750 βασίλεια
1857 2694 1919 2732 ιτα-

343 2770 518 2856 τασχόντος.
606 2776 700 2839 45ἐπὶ
726 2773 842 2847 τούτοις
871 2777 970 2854 θροῦς
999 2797 1029 2836 τε
1050 2773 1141 2854 μάλα
1164 2775 1260 2848 πολύς
1282 2774 1345 2836 ἀνά
1369 2776 1424 2859 τὴν
1446 2775 1542 2838 πόλιν
1563 2773 1691 2855 ἐχόρει,
1723 2781 1776 2835 καί
1798 2771 1919 2854 δρόμος

345 2877 382 2962 ῆν
404 2882 536 2955 ἀτακτυς
556 2886 610 2944 τού
633 2880 779 2963 πλῆθους
801 2878 868 2941 κατ’
888 2875 1021 2958 ἀγοράν,
1043 2878 1172 2940 πόντων
1191 2879 1260 2957 ἀμα
1276 2882 1507 2963 πεφοβημένων
1529 2885 1582 2942 καὶ
1596 2879 1642 2952 είς
1656 2877 1769 2941 ἑαυτὸν
1784 2876 1918 2942 ἐκάστυυ

343 2987 397 3047 τόν
419 2985 565 3048 κίνδυνον
587 2982 790 3067 ἀποσκῆφειν
812 2980 921 3046 αὐτίκα
945 2981 1161 3062 λογιζομένων,
1194 2981 1236 3056 τός
1265 2982 1360 3046 οὐδὲν
1388 2989 1449 3047 τῶν
1477 2986 1608 3065 ἐχθροῖν
1636 2980 1698 3045 ύπδ
1729 2982 1919 3058 θυμοῦταί

344 3087 456 3170 λύσσης
476 3088 730 3171 διακρινούντων,
754 3085 790 3150 οὐ
810 3085 974 3165 πολέμιον,
1004 3083 1043 3147 οδ
1066 3085 1184 3168 φίλιον,
1214 3085 1269 3151 ούιι
1293 3089 1403 3162 αἴτιον,
1426 3086 1483 3149 ούιι
1506 3085 1657 3151 ἀναίτιον.
1689 3089 1757 3160 τούς
1780 3086 1816 3148 έν
1837 3087 1919 3150 τέλει

344 3194 380 3255 δέ
399 3193 536 3274 μάλισια
559 3195 592 3256 τδ
616 3192 721 3255 δεινδν
742 3191 892 3271 ἐθορύβει
914 3188 956 3262 ῶς
978 3190 1123 3270 ἄντικρυς
1143 3193 1242 3270 ἕρπον
1263 3191 1314 3253 ἐπ’
1345 3191 1453 3257 αύτούς
1482 3216 1512 3255 τε
1542 3198 1595 3254 καὶ
1622 3193 1677 3263 τάς
1706 3190 1830 3264 οὐσίας·
1863 3195 1919 3254 καὶ

345 3300 383 3381 δῆ
413 3297 480 3371 τούς
507 3320 538 3359 τε
563 3300 651 3376 βίους
680 3298 758 3357 κατὰ
789 3293 870 3357 πολὺ
899 3296 931 3356 τό
961 3294 1054 3371 τάχος
1082 3291 1112 3354 02
1136 3294 1261 3367 πλείους
1283 3294 1527 3372 ἐσκευαγώγουν,
1558 3298 1643 3359 ἔνθα
1663 3295 1769 3379 λῆσειν
1789 3299 1919 3371 ἕκαστος

344 3403 420 3486 ᾤετο
442 3405 496 3485 τῆν
517 3404 572 3468 τοῦ
592 3403 747 3482 τυράννου
761 3401 892 3478 μανίαν,
912 3403 966 3460 καί
987 3402 1059 3477 περὶ
1079 3395 1200 3460 ἑαυτῶν
1222 3396 1279 3484 (ῶς
1300 3398 1398 3483 εέιός)
1420 3398 1475 3464 οὐκ
1498 3400 1630 3476 ἀγαθάς
1652 3404 1732 3481 πρὸς
1752 3402 1785 3462 τδ
1800 3400 1921 3479 μέλλον

343 3506 427 3586 είχον
448 3506 596 3579 ἐλπίδας·
620 3507 745 3567 κοπετοί
765 3526 795 3566 τε
818 3507 871 3564 ταί
893 3506 1008 3585 θρῆνοι
1032 3503 1239 3581 πανταχόθεν
1259 3500 1420 3585 ῆκυύοντο,
1450 3509 1503 3565 καί
1525 3503 1613 3587 δεινη’
1632 3527 1678 3577 τις
1699 3503 1775 3565 ὅλον
1797 3515 1919 3584 κατεῖχε

343 3613 377 3672 τδ
400 3608 561 3672 πολιτικόν
584 3608 729 3689 ἀθυμία·
761 3605 897 3686 ἀτεχνῶς
917 3609 978 3690 γάρ
1002 3604 1018 3689 ῆ
1043 3606 1136 3679 πόλις
1156 3604 1316 3686 ἐαλωκυίηι
1338 3612 1544 3689 προσείκαοτο
1565 3614 1618 3669 καὶ
1640 3609 1677 3669 τά
1699 3611 1750 3690 τῆς
1772 3607 1922 3683 ἁλύσεως

342 3713 437 3797 πύθη
459 3719 552 3795 χωρίς
577 3712 723 3785 ἀλαίσεως
746 3713 893 3790 ἔπασχεν.

428 3816 457 3855 ⁴⁶
473 3815 548 3878 Ἀλλ’
570 3815 627 3879 οδκ
649 3813 688 3900 ῆν
711 3815 837 3888 πάντως
859 3815 991 3878 ἀνωθεν
1013 3815 1202 3895 δεδομένον*
1224 3819 1310 3881 τοῦτο
1342 3828 1404 3889 τοῖς
1433 3817 1611 3899 πολεμίοις,
1641 3816 1717 3879 οδδέ
1742 3818 1796 3899 τῆν
1825 3806 1921 3881 πόλιν

343 3925 397 3984 τού
421 3924 510 3995 θεοῦ,
533 3922 587 4002 τῆν
608 3919 799 4003 ἀπόρθητον
821 3926 874 3982 καὶ
897 3917 1075 3994 ἀνάλωτον,
1098 3922 1153 4002 τῆν
1168 3918 1225 3982 ἀπ’
1240 3920 1348 4008 ἀρῆχῆς
1369 3923 1420 3984 ἐπ’
1436 3921 1545 4006 ἐκείνῳ
1567 3946 1596 3983 τε
1619 3925 1776 3983 συστᾶσαν
1841 3924 1922 3988 269²

342 4032 394 4087 καὶ
416 4023 467 4090 ὑπ’
489 4025 627 4099 ἐκείνου,
660 4027 714 4108 τῆν
745 4025 797 4087 ἐπὶ
828 4028 890 4086 τῶν
920 4020 1015 4090 αὐτοῦ
1043 4028 1156 4105 χειρῶν
1187 4023 1478 4109 ἐζωγραφημένην*,
1515 4028 1593 4088 καθ’
1617 4020 1651 4106 ῆς
1672 4021 1775 4098 ούδεὶς
1797 4028 1923 4105 ἴσχυσεν

343 4128 494 4193 ούδέποτε
516 4130 653 4214 πονηρός
675 4166 716 4176 -
738 4127 795 4207 ούχ
818 4127 992 4210 ὁμόφυλος,
1026 4127 1082 4194 οὐκ
1105 4126 1270 4210 ἀλλότριος
1292 4169 1344 4206 -,
1377 4130 1506 4193 πολλῶν
1529 4128 1685 4202 πολλόκις
1706 4128 1923 4208 ἐπιθεμένων,

342 4237 456 4317 ταύτην
478 4233 573 4306 οὕτως
595 4231 722 4313 ἀθρόον
743 4233 788 4305 είς
809 4242 915 4313 χεῖρας
937 4232 1136 4314 παρανόμων
1157 4233 1295 4314 ἐχθρῶν,
1317 4235 1472 4314 ἐχθίστων
1495 4233 1681 4297 ἀποστατῶν
1696 4232 1740 4305 εές
1756 4235 1924 4317 προνομῆν

343 4344 395 4400 καί
418 4337 606 4417 διάρπαγμα
627 4338 737 4411 τελέως
758 4336 1002 4418 παραδοθῆναι.
1024 4333 1081 4399 οδκ
1101 4333 1157 4401 οὖν
1178 4344 1346 4418 τυιγαρούν
1367 4338 1441 4404 οὐδὲ
1464 4337 1694 4420 παραδέδοται.

427 4441 573 4518 47Βαβαῖ
592 4444 635 4514 τίς
657 4440 674 4503 δ
698 4442 806 4518 λόγοςς
841 4438 883 4513 ῶς
904 4437 1069 4521 ύπερφυῆς
1098 4446 1150 4500 καί
1173 4442 1375 4523 παράδοξοςς
1409 4448 1476 4514 πῶς
1499 4439 1554 4505 οὖν
1576 4440 1737 4523 ἐφύγομεν
1759 4438 1794 4500 ἐκ
1816 4442 1925 4518 μέσων

342 4536 525 4626 ἀρκύων“ο,·
553 4546 636 4621 είπέ,
662 4550 723 4608 τῶν
746 4544 886 4622 ἀγαθῶν
907 4543 1034 4619 ἄγγελε·
1063 4547 1131 4616 πῶς
1152 4544 1351 4628 έρρύσθημεν
1373 4545 1470 4618 ὅντως
1492 4544 1559 4607 ἀπὸ
1584 4543 1736 4624 στόματος
1759 4543 1923 4624 λέοντος*,·

342 4653 410 4724 πῶς
430 4649 541 4731 ἑτέρως
563 4654 617 4711 καὶ
637 4646 744 4712 πόθεν
766 4650 786 4732 ῆ
808 4650 931 4710 θεόθεν
953 4646 1080 4721 πόντως
1101 4653 1155 4709 καὶ
1177 4652 1274 4723 θείως
1281 4679 1294 4727 ,·
1322 4652 1359 4712 τὰ
1381 4652 1443 4729 γάρ
1466 4651 1542 4732 παρ’
1566 4647 1757 4728 ἀνθρώποις
1779 4645 1927 4714 ἀδύνατα

340 4757 410 4840 θεῷ
434 4755 587 4829 δυνατά*,
620 4755 655 4828 ὃς
676 4752 829 4817 τάναντία
850 4748 918 4814 τότε
939 4762 1002 4824 τοῖς
1026 4750 1213 4815 Μακεδόσιν
1243 4756 1261 4836 ῆ
1288 4765 1352 4826 τοῖς
1374 4755 1560 4829 Αίγυπτίοις
1584 4753 1689 4817 πάλαι
1710 4765 1925 4834 τερατουργετ·

411 4875 1025 4949 42Omyvusspql430fflyroipql4blaeob
1047 4875 1928 4946 1,17l461miau49‚:6147Psalmxa22147Luo-18,27
