4560 6172
188 554 270 623 τεο
1622 527 1628 546 ”
1721 559 1783 622 ιττ

188 720 258 794 τοῦς
280 719 325 793 είς
348 721 391 805 ἔτι
413 723 467 782 καί
490 724 549 785 νύν
571 732 758 804 περιφανεῖς
779 725 839 800 μὲν
869 723 924 803 τήν
952 725 1080 797 πτιῦσιν,
1113 725 1399 807 περιφανεστέρους
1430 723 1465 785 δὲ
1492 726 1548 806 τήν
1580 723 1782 806 διόρθωσιν·

187 819 387 904 παράξυναν
409 821 554 886 κόκετνοι
585 824 676 899 θεόν,
706 822 777 887 ἄλλ’
809 823 998 900 ἐξιλάσαντο
1028 825 1144 901 πόλιν,
1173 824 1217 900 ως
1246 828 1421 908 ἄνθρωποι
1450 829 1510 905 μὲν
1539 825 1779 910 όλισθήσαντες,

188 926 233 998 ὡς
255 926 426 1007 ἐχέφρονες
448 926 485 989 δὲ
508 927 720 1008 διαφυγόντες
740 929 795 989 τόν
816 928 968 1007 ὄλεθρον,
992 933 1046 990 καλ
1067 930 1145 1008 ταχύ
1164 933 1224 1010 μὲν
1245 931 1403 1004 πεσόντες,
1434 930 1510 1008 ταχύ
1532 929 1561 992 δ’
1583 929 1776 1003 ἀναστάντες

189 1030 257 1093 α’πδ
280 1033 336 1093 τοῦ
359 1029 542 1109 πτώματας,
564 1029 788 1113 ἐξομολογήσει
810 1054 841 1093 τε
866 1034 1046 1111 θερμοτέρα
1068 1036 1207 1094 καὶτῶν
1229 1037 1338 1095 κακῶν
1358 1031 1465 1120 όποχή
1480 1036 1536 1116 τήν
1552 1035 1614 1114 πρό
1630 1037 1683 1098 τοῦ
1697 1039 1778 1113 πρός

189 1131 273 1196 θεὸν
295 1137 476 1216 παρρησίαν
498 1131 763 1217 α’νακτησάμενοι.
795 1136 865 1206 τούς
887 1136 1055 1208 Νινενίτας
1077 1137 1157 1218 πρὸς
1178 1135 1298 1209 τούτοις
1319 1140 1373 1198 καὶ
1393 1141 1430 1197 τό
1454 1136 1521 1197 κατ’
1544 1135 1682 1209 ἐκείνους
1704 1154 1779 1199 σκο-

190 1238 350 1318 πήσωμεν,
374 1240 427 1298 καὶ
448 1235 491 1318 μή
514 1239 661 1300 τοσοῦτον
681 1239 783 1317 μόνον
804 1235 912 1308 αῦτοΐς
935 1237 1190 1321 παραβληθῆναι
1213 1237 1410 1322 θελήσωμεν,
1434 1237 1511 1301 δσον
1531 1241 1583 1320 τής
1606 1238 1701 1321 δργής
1723 1243 1777 1302 τοῦ

190 1342 273 1400 θεοῦ
295 1341 375 1400 καθ’
398 1337 520 1401 ἑαυτόν
541 1339 694 1404 ἐκκαῦσαι
716 1343 750 1401 τδ
774 1342 845 1419 πῦρ,
867 1338 947 1422 μηδὲ
966 1340 1004 1402 τά
1027 1343 1157 1424 πρῶτα*
1181 1340 1372 1423 ζηλώσαντες
1392 1344 1446 1423 τής
1467 1342 1535 1404 κατ’
1557 1337 1669 1414 αύτούς
1690 1340 1776 1403 ἐστο-

190 1444 262 1520 ρίας
292 1445 345 1503 καί
372 1445 464 1521 μέχρι
491 1447 544 1504 τοῦ
574 1445 769 1523 σκυθρωποῦ
799 1443 975 1522 προβάντος
1001 1445 1199 1526 μηνύματος,
1229 1447 1267 1506 τὰ
1289 1449 1366 1523 μετά
1388 1448 1486 1509 ταῦτα
1510 1448 1673 1523 παριῦμεν,
1703 1443 1777 1506 ἀλλ’

188 1545 296 1606 ἐκεῖνα
318 1543 455 1623 μᾶλλον,
483 1543 617 1620 ἐκεῖνα*,
650 1550 704 1606 καὶ
726 1550 830 1624 χερσὶν
853 1543 1049 1626 α’μφοτέραις
1077 1550 1130 1607 καί
1152 1551 1243 1636 ψυχή
1264 1552 1318 1609 καὶ
1340 1548 1458 1627 καρδίᾳ
1481 1551 1535 1608 καὶ
1557 1547 1676 1619 πάσαις
1698 1568 1779 1626 προ-

190 1650 326 1726 θυμίαις
349 1644 560 1729 άρπάσωμεν·
583 1649 726 1730 μεγάλην
749 1651 803 1709 καὶ
825 1647 915 1711 αύυοῖ
937 1652 1095 1731 πονηρίαν
1115 1651 1277 1735 μετανοίήᾳ
1299 1650 1417 1731 μείζονι
1439 1652 1632 1734 κρύψωμεν·
1698 1650 1778 1724 250¹

188 1753 362 1831 γενοίμεθα
383 1749 510 1828 μᾶλλον
532 1750 660 1812 ἐκεῖθεν
682 1754 702 1834 η’
722 1749 872 1815 ἐντεῦθεν
894 1748 1048 1830 αόίδιμοι.
1084 1750 1190 1832 δῶμεν
1210 1752 1291 1838 τῷδε
1314 1756 1355 1837 τῷ
1377 1755 1436 1836 βίῳ
1458 1751 1616 1832 ἀριστείας
1638 1751 1778 1835 μεγάλης

189 1857 244 1915 καὶ
267 1850 401 1915 ἀπίστου
424 1853 584 1936 διήγημα,
616 1857 707 1933 μέχρι
730 1853 906 1926 συντελείας
929 1854 1058 1916 αίιόνων
1081 1855 1330 1934 θαυμαζόμενον
1351 1860 1406 1918 καὶ
1428 1853 1632 1936 ὑμνούμενον,
1664 1858 1719 1937 τήν
1740 1854 1777 1917 ἐν

189 1959 290 2019 πᾶσιν
312 1954 461 2039 ἀνίκητον
496 1962 550 2017 καί
572 1958 701 2019 πάντων
722 1957 926 2039 ἰσχυροτέραν
949 1955 1121 2039 ἀπόφασιν
1142 1961 1196 2022 τοῦ
1215 1962 1297 2024 θεοῦ
1317 1962 1381 2021 τόν
1403 1956 1573 2038 δυνάμεων
1596 1959 1772 2046 ἐπιστροφή

190 2060 371 2142 νικήσαντες
392 2059 492 2145 μόνη·
523 2059 570 2122 ότι
592 2059 629 2122 δέ
651 2065 705 2121 καί
727 2062 895 2141 νικήσομεν
926 2063 978 2120 καὶ
1010 2059 1066 2122 διά
1096 2061 1202 2134 τέλους
1231 2061 1376 2140 ἐσόμεθα
1406 2071 1469 2134 τοῖς
1497 2063 1574 2140 μεθ’
1597 2058 1681 2143 ήμός
1702 2059 1776 2122 ἐσο-

189 2167 297 2243 μένοις
328 2159 506 2240 ὑπόδειγμα
536 2167 668 2247 χρηστδν
696 2168 750 2224 καὶ
780 2164 931 2245 σωτήριον
958 2161 1029 2224 α’ντὶ
1054 2163 1196 2242 χαλεποῦ
1224 2170 1278 2224 καὶ
1307 2168 1448 2240 στυγνοῦ,
1477 2162 1520 2245 μή
1550 2165 1616 2225 κατ’
1639 2162 1777 2236 ἐκείνους

189 2267 413 2344 διστάσωμενῖ
435 2264 466 2327 o?
489 2269 549 2343 μὲν
577 2262 638 2345 γάρ
668 2266 747 2345 πρὸς
775 2269 882 2344 ἕτερον
903 2271 1042 2331 τοιοῦτον
1065 2263 1159 2330 οὐδὲν
1181 2265 1313 2348 όφορῦν
1335 2269 1409 2339 ἴσως
1430 2267 1551 2344 ἔχοντες
1572 2264 1698 2338 εἰκότως
1720 2262 1777 2330 νῦν

190 2370 333 2458 ᾔδεισαν,
363 2369 392 2429 εί
419 2369 604 2452 μετανοήσει
632 2372 686 2430 καλ
716 2369 930 2451 όποστρέψει,
961 2369 1047 2448 ὅμως
1069 2368 1105 2431 δὲ
1127 2371 1189 2430 κάν
1210 2367 1266 2433 οῦκ
1288 2368 1429 2456 ᾔδεισαν,
1464 2367 1586 2430 ἑαυτῶν
1608 2365 1666 2430 οῦκ
1689 2365 1776 2430 α’πέ-

185 2493 327 2552 γνωσαν,
360 2472 432 2535 ἄλλ’
456 2471 527 2534 ὅλοι
548 2475 601 2553 τῆς
623 2474 793 2551 κρείττονος
812 2472 976 2549 γενόμενοι
1005 2476 1147 2554 γνοίμης,
1178 2474 1313 2550 βεβαίως
1340 2473 1562 2554 καταίρθωσαν
1592 2471 1610 2532 ῦ
1639 2473 1777 2550 βεβαίως

189 2581 245 2643 οὐκ
269 2578 416 2661 ἤλπισαν.
506 2573 616 2657 31ήμῐν
637 2574 673 2636 δέ
693 2575 853 2636 παντοίων
869 2575 1037 2655 παρόντων
1051 2578 1202 2637 τοιούτων
1216 2573 1466 2654 ὑποδειγμάτων,
1490 2573 1671 2656 κάνμηδὲν
1691 2570 1776 2655 ύπήν

189 2682 283 2757 ἄλλο,
307 2682 340 2743 τδ
364 2682 430 2742 κατ’
452 2679 589 2750 ἐκείνους
612 2679 741 2759 ήρκεσεν
763 2680 805 2738 ἄν
826 2677 871 2748 ελς
892 2683 926 2739 τό
944 2681 1082 2761 θαρρεῖν
1096 2679 1132 2740 τά
1150 2677 1348 2761 χρηστότερα,
1372 2681 1536 2756 πανταχοῦ
1557 2701 1586 2739 τε
1609 2680 1776 2740 καὶπῦσιν

189 2785 256 2848 ἀνά
281 2784 383 2864 στόμα
406 2786 594 2863 φερόμενον.
616 2782 743 2854 τούτους
765 2778 823 2842 οῦν
846 2780 955 2865 πολλή
972 2780 1071 2843 πλέον
1088 2781 1167 2843 κατδ
1184 2785 1272 2845 τοῦτο
1288 2779 1489 2863 ζηλοόσωμεν·
1516 2782 1519 2863 ή
1543 2780 1573 2841 εί
1594 2779 1630 2842 δέ
1695 2781 1775 2846 250²

186 2893 428 2971 σωφρονοῦμεν,
462 2891 515 2945 καί
538 2883 784 2963 ύπερβάλωμεν·
819 2884 952 2963 αἰσχρόν
972 2885 1049 2963 γάρ,
1081 2885 1224 2964 αίσχρόν,
1261 2888 1314 2945 καὶ
1340 2882 1477 2961 α’τεχνιῦς
1506 2884 1637 2957 ἄτοπον,
1670 2883 1699 2944 εί
1720 2886 1778 2945 καὶ

189 2993 380 3074 Φαρισαίων
403 3030 445 3040 -
466 2987 542 3052 δέον
563 2986 663 3071 η’μᾶς,
694 2986 872 3063 όναγκατον
894 2987 929 3049 δὲ
951 2987 1086 3066 μᾶλλον,
1116 2987 1199 3050 πολὺ
1217 2989 1283 3049 κατ’
1305 2986 1418 3067 άρετήν
1440 2995 1596 3066 περιεῖναι
1617 2988 1669 3067 τῆς
1692 2988 1776 3048 θεοῦ

189 3096 353 3175 βασιλείας
374 3095 561 3176 ἐφιεμένους
582 3096 644 3153 τῶν
666 3088 728 3157 ύπδ
751 3089 852 3171 νόμον
874 3096 955 3173 φημὶ
976 3098 1030 3153 καλ
1051 3096 1104 3174 τής
1126 3090 1287 3174 διαθήκης
1309 3088 1502 3164 ἐντόςγελτα
1525 3092 1578 3150 καὶ
1599 3087 1775 3171 βαρβάρων

189 3198 328 3280 ἀνδρῶν,
363 3198 424 3273 ἔξω
447 3197 548 3273 νόμου
570 3196 723 3275 κειμένων
746 3233 787 3241 -
818 3195 853 3256 ἐν
879 3205 944 3268 τοῖς
972 3195 1139 3271 βελτίστοις
1168 3192 1445 3276 α’πολειφθείημεν
1467 3195 1488 3274 ή
1507 3196 1550 3275 μή
1573 3191 1707 3278 πλείστῳ
1729 3195 1773 3275 τῷ

188 3308 276 3388 μέσην
297 3305 331 3365 τδ
355 3303 421 3364 κατ’
443 3299 582 3370 ἐκείνους
609 3301 723 3378 μέτρον
745 3297 977 3378 παρέλθωμεν.
1064 3298 1156 3375 ελάχε
1184 3301 1301 3372 τοίνυν,
1332 3299 1374 3380 μή
1396 3297 1571 3376 μέλλωμεν,
1601 3295 1682 3378 μηδὲ
1710 3297 1775 3357 τόν

186 3406 376 3470 σπουδαίων
398 3405 431 3477 ἐς
452 3399 552 3474 αὖθις
573 3398 830 3482 δνειροπολιῦμεν
851 3406 906 3483 τήν
929 3407 1060 3482 αίρεσιν,
1081 3401 1155 3484 μηδ’
1178 3403 1214 3464 ἐν
1236 3401 1317 3464 οῦτω
1340 3402 1529 3464 παντάπασι
1550 3402 1645 3483 στενῷ
1668 3406 1771 3484 καιρηῖ

186 3517 242 3572 καὶ
264 3508 403 3593 κινδύνφ
426 3511 482 3579 τάς
502 3508 555 3587 τῆς
578 3502 690 3577 όδείας
711 3503 847 3588 ζητῶμεν
870 3503 1034 3585 α’ναβολὰς
1055 3508 1109 3566 καὶ
1123 3504 1296 3587 μελλήσεις,
1317 3504 1438 3587 μήποτε
1453 3507 1554 3565 κακὸν
1569 3502 1774 3583 ἐπειγόμενον

187 3612 405 3696 ήᾳθυμοῦσαν
437 3608 565 3691 φθάσαι
594 3609 810 3689 παρασκευήν,
845 3611 897 3668 καὶ
927 3607 1123 3688 πραγμάτων
1152 3605 1260 3690 όξύτης
1288 3607 1515 3688 βουλευμάτων
1545 3612 1599 3668 καὶ
1626 3607 1774 3688 σκέψεων

190 3715 348 3798 προλάβοι
371 3710 544 3794 διατριβήν,
574 3708 659 3771 άλλά
688 3714 723 3772 τό
754 3714 912 3791 πρακτέον
941 3711 1001 3794 ήδη
1028 3710 1191 3790 μαθόντες
1220 3711 1371 3775 ἐντεῦθεν
1394 3714 1483 3790 παρὰ
1507 3712 1560 3773 τού
1582 3708 1688 3785 λόγον,
1719 3709 1774 3773 ἐπὶ

187 3823 221 3882 τό
244 3820 337 3900 ἔργον
359 3815 472 3880 αδτίκα
493 3815 571 3894 μετὰ
593 3813 766 3891 τὸνλόγον
788 3815 989 3896 χωρήσωμεν,
1021 3819 1075 3875 καί
1103 3814 1148 3888 είς
1170 3813 1294 3894 ἄνδρας
1317 3814 1437 3886 ἄλλους
1459 3817 1661 3896 στραφαῦμεν,
1691 3811 1771 3894 ὅπερ

187 3923 375 4001 δκούομεν*,
399 3921 530 4000 καλιήν
552 3916 654 3997 καλήν
674 3923 729 3980 καὶ
750 3917 902 4001 σωτήριον
924 3917 1160 3996 δλλοιωθαῖμεν
1182 3917 1363 3981 άλλοίωσιν.
1545 3992 1549 3998 ¹

276 4025 364 4090 88Ἅν
380 4024 458 4088 οὕτω
474 4023 553 4102 πρός
568 4022 679 4101 κόριον
694 4022 935 4103 ἐπιστρέψωμεν
948 4025 1001 4082 καὶ
1011 4023 1089 4098 μετά
1104 4022 1247 4102 τοιαύτης
1259 4020 1356 4086 αότδν
1367 4019 1543 4103 μεταβολῆς
1556 4020 1559 4104 ᾗ
1573 4020 1628 4082 ἐκ-
1694 4020 1774 4084 251¹

187 4129 372 4213 ζητήσωμεν,
402 4129 480 4205 ταχύ
503 4130 556 4187 καὶ
578 4122 672 4197 αῦτδς
694 4125 961 4207 έπιστραφήσεκαι
984 4123 1064 4205 πρδς
1085 4123 1184 4206 ήμός,
1218 4130 1272 4185 καὶ
1293 4126 1347 4188 τόν
1375 4127 1435 4204 μὲν
1458 4123 1567 4202 θυμὸν
1589 4120 1648 4203 εἶφ’
1673 4121 1772 4204 ἡμῶν,

186 4231 254 4295 όπό
278 4230 313 4294 δὲ
336 4234 398 4292 τῶν
419 4229 576 4314 ήμετέρων
598 4233 707 4293 κακοῦν
729 4226 926 4312 α’ποστρέψει
949 4230 982 4289 τό
997 4228 1180 4307 πρόσωπον,
1201 4227 1328 4307 μᾶλλον
1343 4227 1380 4290 δέ
1395 4231 1475 4308 πρός
1490 4225 1573 4308 ημᾶς
1587 4224 1773 4308 ἐπιστρέψει

184 4336 292 4409 τοῦτο,
323 4338 377 4395 καί
405 4335 640 4417 σωθησόμεθα.
676 4337 703 4395 τί
732 4336 786 4394 τοῦ
815 4331 989 4413 φαρμάκου
1018 4329 1108 4394 τοῦδε
1136 4330 1381 4413 λυσιτελέστερον
1410 4333 1431 4415 ή
1457 4333 1485 4393 τί
1515 4329 1755 4411 προχειρότερον
1761 4356 1773 4404 3

182 4441 355 4521 προθυμία
376 4437 478 4516 μόνον
499 4440 655 4520 παρέστω,
679 4441 732 4497 καί
753 4437 787 4497 εδ
811 4441 879 4497 πᾶν
901 4433 1172 4514 κατωρθιόσαμεν.
1549 4502 1552 4508 ,

272 4539 341 4600 81Ὀ
364 4540 400 4603 δέ
423 4541 502 4612 θεδς
524 4538 541 4603 ό
562 4540 785 4622 μακρόθυμος,
809 4536 825 4600 ό
850 4540 929 4610 θεός
943 4541 998 4600 τοῦ
1012 4537 1111 4600 ἐλεεῖν
1133 4542 1187 4600 καί
1202 4536 1320 4624 σηίζειν,
1343 4537 1634 4620 δφιλανθριοπίας
1656 4535 1773 4619 πατήρ,

181 4643 201 4707 ό
225 4643 359 4728 θελητής
379 4644 488 4717 ἐλέους
510 4646 565 4705 καί
586 4645 765 4727 οἰκτιρμῶν,
788 4638 806 4703 ό
830 4638 994 4702 παιδεύων
1014 4642 1074 4721 μὲν
1095 4640 1141 4714 είς
1162 4640 1286 4724 καιρόν,
1318 4639 1390 4703 α’λλ’
1412 4639 1451 4707 οῦ
1475 4643 1570 4724 χωρὶς
1591 4639 1769 4722 οίκτιρμιῦν,

177 4745 259 4812 οῦδὲ
280 4749 417 4834 θανάτω
439 4746 675 4830 παραδιδούς*,
704 4743 789 4807 άλλδ
812 4741 914 4806 πάλιν
935 4742 1086 4824 λούμενος,
1118 4742 1213 4807 δκαλ
1235 4746 1349 4827 φοβεῦν
1370 4749 1424 4807 ἵνα
1447 4743 1546 4832 σηίση,
1578 4745 1632 4805 καί
1661 4739 1773 4828 σηόζαν

254 4890 284 4938 30
302 4869 392 4941 πρῦτα
412 4869 454 4936 0¹,
473 4870 564 4940 προίει
583 4869 684 4936 0¹130
701 4869 788 4920 ἐκεῖνα
807 4882 843 4921 αα
861 4865 958 4917 ἐκεῖναι
977 4863 997 4919 Ο
1017 4864 1156 4920 incertum
1171 4867 1177 4934 Ι
1194 4885 1223 4932 3²
1242 4866 1322 4937 Regu
1344 4886 1362 4918 α
1382 4885 1420 4933 ιο,
1439 4866 1473 4932 61
1491 4885 1521 4934 ³4
1539 4863 1632 4920 Ρεαίια
1652 4865 1694 4932 ριζ
1712 4868 1740 4916 18

1410 4978 1455 5038 23
