4560 6172
515 565 559 630 34

602 738 683 797 πόσι
705 744 879 816 προσηνετς,
902 738 1003 798 πόσιν
1023 733 1260 820 ἤγαπημένους·

540 839 582 904 25
604 833 687 904 οὗτοι
712 838 746 900 δὲ
768 843 823 901 καὶ
843 843 912 915 νῦν,
934 830 1047 922 οἷοίπερ
1071 840 1161 925 φίλοι
1185 841 1301 923 φίλοις,

602 946 802 1024 γνωρίσματα
826 942 1005 1007 στέλλουσιν
1026 941 1150 1019 εὐνοίας
1170 943 1256 1020 τόδε,

602 1051 656 1108 καὶ
678 1050 786 1112 τούτου
807 1045 910 1121 αὐτοῖς
931 1046 1081 1130 μηνύουσι
1104 1049 1159 1110 τόν
1180 1050 1298 1131 τρόπον

604 1150 663 1233 η’δη
686 1154 852 1232 παροῦσαν
873 1154 929 1235 τὴν
949 1150 1071 1215 ἑαυτῶν
1092 1151 1224 1234 ἡμέραν,
1918 1159 1948 1238 τε
1960 1155 2089 1240 Octobris

602 1257 680 1315 καθ’
702 1255 741 1336 ἣν
764 1255 918 1329 θανόντες
938 1253 1072 1328 εὐκλεῶς
1094 1254 1125 1318 οἳ
1144 1255 1309 1333 γεννάδαι,
1899 1227 2108 1298 ⁶¹⁰⁸⁸³Pt¹¹¹¹¹¹⁸

539 1359 582 1423 30
604 1357 683 1446 δόξῃ
706 1361 966 1442 κατεστέφθησαν
988 1357 1031 1432 ιύς
1052 1361 1231 1442 νικηφόροι,

603 1466 657 1523 καὶ
679 1462 887 1536 συγκαλοὶσιν
907 1463 952 1537 είς
972 1466 1052 1543 μίαν
1074 1463 1264 1546 θυμηδίαν,

602 1566 655 1640 οὓς
676 1566 711 1641 έξ
733 1568 832 1640 ἔθους
853 1567 958 1646 ἔχουσι
979 1570 1074 1646 τιμᾶν
1094 1569 1236 1651 γνησίως,

602 1665 645 1742 ὡς
666 1672 708 1731 δν
728 1674 1006 1752 συνευφραίνοιντο
1027 1681 1091 1745 τοῖς
1113 1671 1323 1755 στεφηφόροις

604 1778 715 1846 κοιναῖς
737 1772 932 1854 ἑορτάζοντες
954 1773 986 1837 ολ
1007 1776 1212 1858 στεφηφόροι.

538 1878 581 1944 35
603 1882 760 1940 πείθεσθε
781 1881 895 1954 τοίνυν,
920 1876 946 1940 ὦ
968 1883 1095 1959 φαεινοὶ
1116 1878 1277 1954 δεσπόται,

603 1987 657 2043 καί
677 1987 728 2062 τῆς
749 1988 851 2064 χαρᾶς
874 1982 1007 2061 δέχεσθε
1027 1984 1082 2064 τὴν
1102 1985 1282 2045 κοινωνίαν.

604 2086 748 2151 ἐνταῦθα
770 2090 831 2165 μὲν
852 2090 909 2151 νύν
931 2085 974 2159 ὡς
996 2086 1086 2168 φίλοι
1108 2090 1162 2147 καλ
1183 2084 1326 2169 πλησίον,

601 2190 637 2253 έν
659 2188 805 2268 οὐρανοῖς
827 2189 863 2252 δὲ
883 2193 996 2271 μικρὸν
1017 2189 1142 2271 ὕστερον
1163 2189 1274 2266 πόλιν,

602 2293 679 2354 όταν
701 2292 851 2372 λαβόντες
871 2292 952 2357 ἄλλο
974 2292 1098 2371 βέλτιον
1119 2294 1241 2374 στέφος,

538 2397 582 2463 40
603 2401 722 2469 τούτοις
742 2420 773 2459 τε
795 2401 987 2480 συγχαίροιτε
1009 2402 1063 2460 καί
1084 2407 1147 2470 τοῖς
1169 2394 1323 2474 α’γγέλοις.

517 2607 582 2673 57.
606 2604 661 2678 Είς
682 2606 738 2687 την
759 2603 794 2665 έν
816 2601 980 2681 Εὐχαίτοις
1000 2602 1111 2666 εἰκόνα
1132 2607 1185 2669 τού
1206 2604 1370 2681 βασιλέως.

561 2711 578 2772 1
604 2708 608 2795 Ι
628 2713 689 2770 Καὶ
711 2710 766 2769 τόν
787 2707 938 2785 κραταιόν
959 2706 1115 2791 δεσπότην
1137 2714 1384 2786 Κωνσταντίνον,
1530 2714 1587 2780 28²

601 2815 653 2893 τῆς
673 2816 729 2892 γῆς
750 2812 784 2873 τό
808 2815 932 2893 θαῦμα,
955 2814 1010 2874 τδν
1029 2816 1131 2892 μέγαν
1153 2813 1363 2894 Μονομόχον,

601 2914 745 2980 ἐνταῦθα
768 2919 883 2996 πρᾶξις
904 2913 1030 2997 εὐσεβὴς
1052 2913 1253 2999 α’ναγρόφει·

601 3024 657 3091 τὰς
679 3018 800 3100 δωρεὰς
821 3025 882 3100 γάρ
904 3023 967 3081 τόν
989 3019 1051 3101 πρό
1073 3023 1127 3084 τού
1146 3020 1304 3100 βασιλέων

560 3124 581 3189 5
602 3123 704 3185 σόλον
727 3114 898 3197 παθούσας
919 3123 954 3198 έξ
975 3123 1123 3206 έπηρείας
1143 3126 1245 3204 μέγαν

603 3232 717 3309 χρυσῆς
739 3224 920 3308 ὐπεστηριξε
941 3229 1044 3302 κίονος
1066 3225 1168 3306 βόσει,

602 3335 657 3393 τόν
678 3330 914 3412 χρυσόβουλλον
936 3328 1174 3413 όντανοστησας
1196 3330 1293 3404 λόγον

604 3432 646 3507 ὠς
669 3434 856 3515 α’ντέρεισμα
878 3436 1029 3515 καρτερόν
1051 3434 1131 3515 πρός
1152 3435 1207 3516 τὴν
1226 3436 1312 3514 βίαν,

602 3538 644 3600 δι’
668 3533 705 3602 οὐ
725 3543 759 3600 τό
782 3537 900 3618 μέλλον
923 3535 1161 3619 ἀσφαλέστερον
1183 3540 1269 3619 νέμει

541 3644 582 3707 10
603 3646 638 3728 τῇ
660 3642 819 3721 μα’ριυρος
841 3640 932 3704 πόλει
954 3664 985 3703 τε
1006 3646 1060 3702 καὶ
1082 3645 1250 3722 παροικίᾳ·
1897 3693 1927 3728 10
1944 3675 2035 3730 ΜΗΘ,
2052 3680 2082 3743 9⁶

604 3747 685 3808 ὅθεν
708 3746 833 3808 δίκαιον
855 3743 1082 3824 ἀπολαμβάνει
1102 3749 1207 3826 γέρας,

602 3850 648 3923 εἰς
669 3853 737 3923 τούς
760 3852 839 3913 καθ’
863 3849 947 3934 ἡμᾶς
969 3849 1136 3932 ἐγγραφεὶς
1156 3848 1327 3934 εὐεργέτας.

517 4062 586 4127 58.
612 4059 667 4131 Εἰς
688 4062 743 4140 τῆν
764 4057 869 4141 θήκην
890 4062 944 4121 τοῦ
964 4059 1066 4137 τιμίου
1088 4054 1184 4131 ξύλου
1205 4060 1258 4122 τού
1278 4056 1443 4137 βασιλέως.

561 4166 577 4227 l
603 4165 746 4243 Σταυροῠ
766 4161 867 4224 πόλιν
888 4165 968 4242 φοῖς,
990 4167 1043 4222 καὶ
1065 4161 1167 4223 πόλιν
1190 4166 1432 4237 Κωνσταντίνος.

602 4266 619 4328 ό
647 4273 768 4347 πρῶτος
788 4267 853 4327 είδε
874 4269 928 4328 τόν
949 4263 1047 4328 τύπον
1069 4265 1111 4326 δι’
1134 4264 1283 4345 α’στέρων,

606 4368 623 4434 ό
648 4372 788 4451 δεύτερος
809 4370 845 4432 δὲ
866 4374 975 4434 τοῦτον
996 4367 1091 4434 αὐτόν
1113 4373 1166 4430 καὶ
1185 4369 1305 4449 βλέπει,

600 4483 653 4538 καὶ
676 4483 759 4557 χερσὶ
783 4486 905 4546 πισταίς
927 4470 1204 4553 προσκυνούμενον
1226 4478 1327 4558 φέρει.

559 4581 579 4646 5
603 4583 702 4661 όμιγω
727 4580 802 4660 παρ’
824 4579 918 4644 αὐτοῦ
940 4581 973 4642 τό
995 4581 1110 4659 κρότος
1132 4578 1322 4660 δεδεγμένοι,

603 4687 703 4767 όμφιο
726 4688 873 4764 σέβουσιν
895 4682 989 4748 αὐτόν
1011 4681 1053 4756 ὥς
1074 4679 1241 4765 εὐεργέτην.

514 4895 584 4961 59.
606 4893 662 4964 Εἰς
684 4893 739 4954 τόν
761 4890 855 4969 όγιον
879 4887 1120 4976 Θεοφύλακτον.
