4560 6172
341 552 419 620 18¹1
1856 547 1914 611 197

345 719 402 795 (τίς
424 723 458 784 τὸ
480 722 576 808 εῖκός)
599 727 652 783 καί
674 724 707 784 τό
730 721 876 784 πλεῖστον
898 717 1048 802 ἀλλήλοις
1068 720 1328 807 ἐναντήουμένων
1348 723 1402 782 καὶ
1424 718 1668 800 συγκρουόντων,
1699 717 1777 781 κάν·
1842 720 1920 786 2831

345 829 459 889 τεύθεν
489 823 630 905 ἀπορίαν
660 825 766 907 δεινήν
795 831 849 887 καὶ
876 835 940 898 τοῖς
969 823 1132 907 ἀκριβοῦσι
1162 828 1249 887 πάνυ
1278 825 1349 897 τούς
1377 823 1492 902 νόμους
1519 822 1564 895 τίς
1592 825 1647 904 τήν
1668 829 1730 885 τῶν
1756 827 1920 905 πρακτέων

346 931 465 1010 εὕρεσιν
488 930 719 1009 ἐμποιούντων·
743 931 811 992 ἐπεὶ
832 929 940 1011 μηδεὶς
962 931 1041 1008 πρὸς
1061 928 1184 1012 μηδένα
1199 934 1262 990 τών
1276 926 1596 1008 ἀντιπολιτευομένων
1611 926 1755 1005 ἀνέχεται
1777 932 1809 989 τδ
1834 924 1922 1011 ήττυν

347 1040 457 1114 φέρειν
478 1034 514 1096 ἐν
536 1035 668 1108 τούτοις,
702 1032 772 1095 ἀλλ’
793 1040 855 1100 ιἰπο
878 1032 1058 1114 φιλοτιμίας
1079 1055 1110 1094 τε
1132 1036 1269 1114 περιττῆς
1297 1036 1349 1093 καὶ
1372 1031 1606 1114 δοξομανούσης
1628 1032 1767 1112 νεότητος
1789 1031 1922 1112 ἀμεινόν

348 1163 375 1201 τι
399 1136 493 1213 δόξαι
516 1143 576 1200 τών
599 1137 709 1199 ἀλλων
732 1148 864 1219 φρονεῖν
886 1135 1116 1214 ἀγωνιζόμενος
1137 1140 1278 1210 ἕκαστος,
1302 1134 1359 1198 ούκ
1382 1132 1470 1198 δκνεῖ
1488 1140 1542 1217 τήν
1565 1134 1646 1216 πρὸς
1668 1133 1813 1208 ἅπαντας
1834 1133 1922 1198 ἀντι-

350 1241 460 1317 λογίαν
482 1264 511 1303 τε
535 1246 587 1302 καὶ
609 1241 759 1314 διένεξιν·
794 1236 833 1302 οδ
854 1243 881 1302 τί
904 1242 971 1302 ποτ’
995 1244 1037 1301 ἀν
1058 1240 1139 1301 ἀλλο
1170 1237 1470 1319 καταγελαστότερον
1499 1242 1636 1315 γένοιτο,
1666 1238 1788 1301 ὁπόταν
1810 1234 1840 1301 οἳ
1861 1250 1924 1312 τοῖς

351 1345 463 1418 ἄλλοις
484 1344 750 1420 ἐπαγγελλόμενοι
766 1347 802 1406 τά
818 1327 986 1424 ἀμφίβολα
1009 1344 1095 1408 λύειν
1118 1342 1205 1410 αὐτοὶ
1227 1346 1306 1425 πρδς
1328 1343 1488 1426 ἀλλήλους
1503 1342 1561 1423 οδχ
1576 1343 1683 1425 ήκιστα
1699 1343 1925 1425 διαφερόμενοι

350 1453 532 1532 φαίνοιντο,·

439 1553 568 1618 6’λἀὗτα
592 1556 696 1615 τοίνυν
718 1551 798 1615 ούτω
820 1552 970 1632 γινόμενα
996 1555 1028 1614 τδ
1051 1553 1175 1631 εδσεβές
1198 1549 1287 1634 ήμών
1309 1556 1423 1634 κράτος
1446 1552 1593 1632 παριδεῖν
1609 1550 1664 1615 οὐκ
1680 1551 1832 1633 ήνέσχετο,
1856 1549 1925 1613 ἀλλ’

350 1657 478 1738 ἐπείπερ
508 1658 581 1740 ήμῖν
610 1656 627 1718 δ
657 1661 719 1717 τών
748 1655 894 1735 ούρανών
922 1656 1077 1732 βασιλεύς,
1109 1655 1126 1717 δ
1155 1660 1326 1736 συντρίβων
1355 1657 1529 1736 πολέμους*
1559 1657 1595 1718 ἐν
1620 1661 1699 1736 χειρὶ
1720 1661 1854 1734 κραταιᾷ
1874 1660 1926 1715 καὶ

351 1762 385 1823 ἐν
407 1766 552 1842 βραχίονι
575 1761 710 1843 ύψηλῷ,
740 1758 756 1820 ύ
790 1770 853 1831 τοῖς
882 1757 1097 1842 ὑπερηφάνοις
1125 1758 1394 1840 ἀντιταττόμενος,
1424 1770 1583 1833 ταπεινοῖς
1611 1759 1647 1821 δέ
1675 1760 1769 1840 χάριν
1790 1759 1925 1832 διδούς*,

350 1871 421 1938 τούς
442 1867 568 1953 ἔξωθέν
589 1888 620 1927 τε
649 1865 807 1944 πολέμους
835 1869 886 1922 καὶ
914 1868 968 1934 τάς
998 1863 1170 1944 ἐμφυλίους
1199 1866 1319 1936 στάσεις
1346 1866 1540 1939 κατέπαυσε,
1573 1869 1627 1925 καὶ
1656 1864 1765 1946 ήρεμεῖ
1788 1866 1847 1942 μὲν
1869 1867 1927 1924 νύν

352 1971 385 2033 τδ
409 1969 593 2041 ἀντίπαλον,
617 1967 767 2050 είρηνεόει
791 1968 826 2028 δὲ
848 1967 881 2029 τὸ
906 1963 1058 2047 ύτιήκοον,
1082 1967 1182 2047 πολλή
1207 1967 1242 2028 δὲ
1257 1966 1377 2049 γαλήνη
1393 1969 1430 2028 τά
1454 1967 1641 2053 ήῬωμαίων
1655 1971 1785 2045 κατέχει,
1849 1966 1928 2032 283²

353 2079 406 2134 καὶ
427 2078 461 2135 τδ
484 2073 648 2134 ἀνθέλκον
670 2071 765 2134 οὐδέν
786 2071 848 2132 ἐστι
871 2072 926 2142 τὰς
955 2070 1103 2152 ήμετέρας
1133 2071 1323 2153 φροντίδας,
1353 2070 1495 2152 εύμενείᾳ
1525 2076 1580 2137 τοῦ
1606 2075 1775 2152 κρείττονος
1801 2071 1845 2144 είς
1876 2075 1929 2153 τήν

354 2186 406 2259 τής
429 2178 586 2249 πολιτείας
616 2175 704 2258 ήμών
732 2176 960 2254 ἐπανόρθωσιν
990 2178 1044 2236 τδν
1070 2178 1191 2237 σκοπὸν
1220 2175 1296 2238 ὅλον
1318 2179 1482 2255 τρέπομεν.
1572 2175 1644 2236 7καί
1666 2176 1704 2258 δή
1727 2179 1788 2237 τών
1810 2175 1855 2248 είς
1874 2179 1929 2258 τήν

354 2285 407 2346 τοῦ
431 2286 538 2343 κοινοῦ
561 2280 753 2342 λυσιτέλειαν
776 2277 834 2340 ούκ
858 2277 949 2353 δλίγα
974 2282 1034 2357 μὲν
1055 2277 1130 2362 ήμῒν
1152 2279 1211 2362 ήδη
1233 2284 1291 2342 σδν
1313 2285 1382 2365 θεῷ
1405 2281 1697 2361 πεπραγμάτευται,
1719 2282 1779 2340 κάν
1800 2278 1928 2367 ἐλλείπη

355 2385 391 2447 δέ
414 2409 440 2447 τι
463 2390 542 2465 πρὸς
564 2385 744 2465 τελειότητα,
770 2381 896 2444 κάκεῖνο
918 2386 1052 2456 τεύξεται
1082 2383 1210 2456 πάντως
1238 2391 1290 2467 τῆς
1319 2384 1513 2466 ἁρμοζούσης
1535 2387 1688 2463 προνοίας
1708 2382 1743 2445 ἐν
1766 2387 1867 2467 καιρῷ
1887 2387 1929 2467 τῷ

354 2489 558 2569 προσήκοντι,
589 2491 631 2548 ἀν
653 2488 808 2551 ἐπινεύσοι
838 2488 869 2548 τύ
904 2491 1004 2549 θεῖον.
1036 2487 1115 2566 πρός
1134 2511 1168 2563 γε
1191 2493 1254 2568 μήν
1274 2491 1308 2550 τδ
1331 2492 1437 2569 παρόν
1459 2484 1476 2569 ἢ
1499 2486 1670 2569 γαληνότης
1692 2483 1781 2569 ήμών
1803 2490 1836 2548 τδ
1859 2493 1929 2568 περὶ

353 2597 423 2666 τούς
444 2595 560 2669 νόμους
583 2591 848 2672 ἁμαρτανόμενον
870 2591 1062 2672 ἐπιστροφῆς
1084 2588 1188 2665 ἀξιοῖ,
1219 2592 1414 2655 ἀδικώτατον
1436 2591 1566 2654 πάντων
1588 2589 1765 2674 ἡγησαμένη
1787 2592 1855 2662 τοὺς
1876 2596 1930 2653 τδν

351 2700 423 2776 βίον
447 2695 534 2778 ήμῶν
557 2702 608 2777 τῆς
631 2693 758 2767 ἀδικίας
788 2695 1034 2770 ἐλευθεροῦντας
1064 2692 1174 2766 αὐτούς
1203 2696 1254 2757 ἐπὶ
1285 2696 1384 2758 πλέον
1413 2694 1642 2774 ἀδικουμένους
1669 2696 1840 2776 ὑπερορᾶν,
1876 2701 1930 2756 καί

352 2802 422 2871 τοὺς
443 2806 523 2862 πᾶσι
544 2812 608 2871 τοῖς
630 2799 738 2870 ἀλλοις
760 2799 960 2870 ἐπιτιθέντας
983 2801 1102 2876 κόσμον
1130 2805 1182 2858 καί
1212 2797 1301 2872 τάξιν
1329 2801 1366 2864 ἐν
1387 2801 1525 2880 ἀκοσμίᾳ
1554 2804 1685 2885 τοσαύτη
1714 2798 1931 2877 πλαζομένους

353 2915 566 2985 περιφρονεῖν,
599 2909 653 2964 καὶ
680 2903 801 2986 μηδένα
831 2906 981 2962 τίθεσθαι
1012 2902 1107 2974 λόγον
1136 2902 1315 2983 τηλικούτου
1346 2904 1508 2968 καλοῦ-
1538 2910 1590 2986 τής
1619 2908 1680 2967 τών
1710 2904 1817 2979 νόμων
1848 2901 1927 2978 λέγω

352 3007 577 3082 διδασκαλίας,
600 3013 634 3070 οῖ’
654 3012 706 3066 καὶ
729 3010 783 3085 τήν
804 3004 969 3084 βασιλείαν
991 3004 1129 3078 ἐνδόξως
1153 3012 1206 3066 καί
1228 3007 1283 3088 τήν
1305 3008 1464 3070 πολιτείαν
1486 3006 1655 3089 ἀμέμπτως
1680 3009 1756 3088 μετά
1788 3012 1849 3069 τών
1878 3012 1930 3073 τοί

353 3115 433 3175 θεοῦ
452 3116 565 3193 χειρών
587 3112 714 3185 ἀγουσι·
751 3110 856 3170 δεινόν
885 3114 945 3186 γὰρ
974 3111 1016 3190 τῷ
1039 3109 1103 3170 δντι
1127 3115 1180 3170 καὶ
1203 3111 1344 3189 σχέτλιον
1366 3123 1433 3185 ταῖς
1454 3117 1513 3191 μὲν
1535 3111 1649 3184 ἀλλοις
1670 3111 1854 3193 ἐπιστήμαις
1876 3119 1928 3173 καὶ

349 3218 480 3292 τέχναις,
513 3214 584 3275 δοαι
607 3239 637 3278 τε
659 3215 793 3287 λογικαί,
818 3217 870 3271 καὶ
891 3218 954 3273 τών
968 3209 1139 3290 βαναύσων
1154 3214 1264 3287 ἐνίαις,
1279 3215 1283 3299 l
1300 3222 1353 3276 καὶ
1374 3217 1481 3298 χώρας
1503 3216 1588 3288 ἰδίας
1609 3224 1662 3277 καλ
1678 3221 1784 3297 καθη-
1850 3217 1927 3282 284¹

351 3320 488 3395 γεμόνας
511 3316 746 3397 ἀποτετάχθαι,
780 3316 951 3396 προεδρίας
978 3338 1008 3376 τε
1039 3315 1259 3397 κεκληρῶσθαι
1289 3324 1342 3380 καὶ
1370 3321 1499 3402 σιτήσεις
1528 3323 1800 3400 προοαφωρίσθαι
1827 3324 1879 3380 καὶ
1900 3324 1928 3381 τί

350 3425 410 3501 γάρ
434 3423 472 3486 οδ
491 3434 654 3501 προσεῖναι
678 3420 778 3481 καλὸν
798 3420 842 3490 είς
865 3423 1081 3499 παραμυθίαν
1103 3423 1165 3482 τών
1184 3424 1363 3497 μετιόντων,
1387 3427 1420 3484 τδ
1444 3424 1479 3486 δὲ
1502 3424 1631 3485 πάντων
1649 3427 1709 3502 μὲν
1724 3423 1927 3506 μαθημάτων

350 3524 612 3599 ἀναγκαιότατον,
648 3527 777 3586 πάντων
807 3524 841 3583 δὲ
870 3522 1123 3600 σπουδασμάτων
1151 3526 1410 3605 βιωφελέστατον,
1443 3522 1482 3589 ού
1503 3532 1595 3606 χωρὶς
1617 3523 1718 3589 τᾶλλα
1740 3526 1847 3588 πάντα
1870 3550 1923 3589 πε·

351 3633 436 3710 ριττά
460 3635 512 3690 καλ
536 3632 674 3711 ἀνόνητα
697 3632 739 3711 (τί
760 3632 821 3707 γάρ
844 3626 960 3707 ὄφελος
981 3627 1105 3701 τούτων,
1128 3625 1276 3706 εύνομίας
1298 3628 1550 3713 ἀποιχομένηςς),
1573 3633 1659 3694 τούτο
1682 3630 1719 3712 δή
1743 3631 1821 3693 καθ’
1843 3629 1925 3712 οἷπερ

351 3730 537 3814 ἀλλόφυλον
565 3739 615 3813 τής
646 3734 802 3804 πολιτείας
833 3729 1060 3812 ἀπεληλάσθαι
1093 3737 1145 3792 καὶ
1173 3729 1248 3813 μήτε
1277 3738 1377 3796 τόπον
1406 3735 1487 3811 ἔχειν
1514 3733 1631 3795 οἰκεῖον
1660 3734 1695 3796 ἐν
1724 3734 1804 3823 αὐτῇ
1832 3756 1925 3811 γινω-

352 3838 505 3916 σκόμενον
526 3837 600 3919 μήτε
623 3838 713 3910 τάξιν
731 3837 811 3908 τινά,
833 3838 874 3916 μή
897 3836 1042 3914 βαθμόν,
1064 3838 1107 3917 μή
1130 3836 1316 3917 προνόμιον,
1349 3836 1422 3899 ἀλλ’
1445 3837 1526 3910 ὅλως
1549 3837 1728 3921 ήμελήσθαι
1750 3844 1803 3899 καὶ
1826 3837 1924 3916 ἀπερ-

349 3947 471 4022 ρίφθαι
494 3946 546 4001 καὶ
569 3939 665 4001 οἱονεί
686 3965 712 4002 τι
733 3940 858 4020 φαῦλον
878 3940 1059 4020 τεχνόδριον
1081 3937 1245 4015 ἀσυντελὲς
1260 3942 1420 4013 παντελῶς
1441 3942 1520 4020 πρδς
1542 3948 1597 4025 τήν
1612 3940 1822 4025 ἀνθρωπίνην
1844 3942 1924 4024 ζωήν

350 4046 570 4113 ἀδιατύπωτον
593 4045 670 4109 οὕτω
695 4049 747 4104 καὶ
770 4042 997 4123 ἀδιάρθρωτον
1018 4048 1133 4123 μένειν,
1163 4045 1349 4124 ἐλεούμενον
1370 4044 1496 4125 μᾶλλον
1522 4049 1543 4128 ή
1573 4047 1837 4125 θαυμαζόμενον,
1870 4053 1923 4108 καὶ

351 4154 475 4232 θρήνου
498 4149 622 4227 μᾶλλον
647 4150 665 4227 η’
687 4148 779 4229 ζήλου
804 4147 1008 4226 νομιζόμενον
1030 4149 1138 4226 ἀξιονς

437 4254 449 4292 ⁸
465 4253 553 4316 Ἀλλά
570 4259 666 4315 ταῦτα
682 4256 741 4330 μὲν
757 4252 829 4330 ἀχρι
845 4255 912 4319 νύν,
936 4253 968 4311 τδ
992 4252 1021 4312 δ’
1037 4252 1184 4316 ἐντεῦθεν
1200 4252 1323 4328 ὁποῖον,
1346 4254 1422 4317 αότό
1437 4259 1544 4340 (φασί)
1561 4255 1712 4338 δηλώσει*
1733 4262 1766 4316 το
1781 4256 1924 4336 πρᾶγμα.

349 4356 366 4440 ή
395 4361 455 4439 γάρ
485 4359 628 4435 βασιλεία
659 4355 758 4434 ἡμῶν,
792 4356 1023 4437 χρησιμωτάτην
1052 4357 1181 4437 σφόδρα
1212 4365 1263 4419 καὶ
1295 4363 1480 4440 πρέπουσαν
1506 4372 1570 4434 τοῖς
1600 4362 1725 4441 χρόνοις
1754 4355 1848 4438 αύτής
1869 4363 1924 4440 τήν

346 4461 456 4543 εόσεβή
478 4467 590 4543 ταύτην
613 4463 732 4538 πρᾶξιν
754 4461 951 4541 λογιοιιμένη,
976 4466 1028 4520 καὶ
1050 4461 1127 4522 ὅσον
1149 4468 1182 4550 τή
1208 4466 1296 4551 κοινῇ
1312 4467 1496 4526 καταστάσει
1516 4465 1709 4545 περιποιήσει
1727 4463 1730 4547 λ
1748 4465 1780 4523 τὸ
1845 4463 1923 4526 284²

346 4569 455 4648 κέρδος
478 4573 530 4627 καὶ
553 4568 633 4647 πρὸς
654 4564 801 4641 εὐδοξίαν
823 4565 904 4643 ὁμοῦ
927 4572 978 4624 καὶ
1003 4571 1081 4646 πρδς
1104 4567 1305 4642 λυσιτέλειαν,
1330 4571 1434 4642 καλώς
1456 4569 1651 4651 ἐννοήσασα,
1680 4565 1923 4647 προθυμότερόν

345 4697 375 4734 τε
398 4676 549 4754 κεκίνηται
580 4674 658 4752 πρὸς
687 4670 741 4751 τήν
772 4672 902 4752 νομικήν
931 4670 1131 4749 ἐπιμέλειαν,
1162 4680 1214 4732 καὶ
1246 4676 1279 4734 ιδ
1309 4673 1465 4735 ἐλλείπειν
1493 4672 1534 4735 ἔτι
1559 4674 1676 4736 δοιοδν
1697 4673 1739 4751 τῷ
1762 4670 1851 4751 καλῷ
1871 4677 1923 4754 τής

345 4777 502 4849 πολιτείας
525 4775 642 4857 ῥυθμῷ
666 4778 740 4852 παρ’
762 4774 875 4856 ἑαυτής
904 4773 1113 4854 ἀποχρώντως
1143 4775 1342 4859 ἀναπληροῖ,
1376 4779 1522 4861 ἐξηγητήν
1552 4783 1604 4838 καὶ
1634 4775 1831 4839 διδάσκαλον
1860 4785 1923 4849 τοῖς

413 4905 428 4952 6
447 4899 524 4954 Ειοδ
546 4917 582 4966 15,
601 4919 614 4966 3
652 4902 667 4949 6
686 4897 756 4951 Prov
777 4917 799 4964 3,
820 4917 849 4963 34
864 4900 868 4962 Ι
885 4902 898 4948 8
918 4897 1028 4961 δηλώσει
1047 4897 1088 4959 0¹,
1107 4898 1224 4951 δειλώσει
1243 4898 1276 4953 (2¹
