4560 6172
207 558 287 624 177
1741 559 1803 624 103

208 725 402 803 α’γαλλίασιν
423 728 571 792 ἐνταῦθα
593 731 862 809 συναθροισθεῖσι
884 732 938 790 καλ
959 724 1114 800 τοσαύτας
1134 724 1212 808 ἡμῖν
1233 727 1314 807 πρός
1336 729 1579 808 πανηγυρισμὸν
1600 727 1729 793 ένδσύσι
1751 733 1807 803 τάς

210 829 383 913 άφορμάςς
428 831 520 895 89έπλ
542 837 622 894 πᾶσι
650 837 819 914 τοιγαροῦν
847 835 902 893 καλ
924 829 1072 913 ἡδόμεθα
1094 829 1346 911 μεγαλοπρεπῶς
1370 853 1402 892 τε
1423 833 1479 891 καί
1501 834 1715 910 θαυμαστῶς,
1749 833 1803 916 ἐφ’

209 932 284 1015 ύμῖν
305 934 341 997 δὲ
364 941 418 997 καὶ
439 935 578 1015 μάλιστα
601 947 666 1010 τοῖς
687 939 751 998 τιῦν
772 935 881 998 ἄλλων
903 935 1060 1018 έξάρχοις.
1088 932 1114 996 ὦ
1137 932 1218 1007 δυάς
1239 937 1364 1018 μεγίστη
1387 939 1441 996 καὶ
1462 939 1645 1017 κορυφαῖα,
1667 942 1720 1019 τῆς
1741 939 1804 1017 βα-

208 1037 329 1112 σιλίδος
349 1040 480 1122 τριάδος
512 1038 708 1104 ῦπασπισταῖ
738 1039 925 1122 προσφιλεῖς
952 1045 1006 1101 καῖ
1037 1038 1135 1115 δεξιοὶ
1158 1038 1356 1121 δορυφόροι,
1387 1033 1433 1100 τόν
1462 1035 1586 1121 ἡδόξα
1610 1038 1728 1121 πληροῖ
1747 1042 1804 1102 τόν

211 1140 351 1222 ούρανόν
372 1148 426 1204 καὶ
447 1143 503 1224 τὴν
524 1147 591 1227 γὴν,
615 1145 669 1216 οῦς
691 1144 726 1206 έιι
748 1144 896 1225 περάτων
917 1145 991 1225 ἄχρι
1014 1141 1163 1225 περάτων
1184 1141 1304 1222 μόνους
1321 1139 1404 1224 δρᾶν
1419 1139 1482 1204 ἔστι
1501 1143 1569 1203 κατ’
1580 1142 1694 1225 έξοχὴν
1710 1147 1801 1223 παρὰ

209 1249 309 1308 πᾶσιν
331 1245 548 1325 ύμνουμένους
570 1253 623 1308 καὶ
645 1250 856 1328 τιμωμένους,
886 1248 941 1321 σῦς
962 1246 1068 1321 ούδελς
1090 1247 1126 1310 έν
1147 1246 1341 1328 α’νθριόπσις
1364 1243 1402 1309 ού
1424 1249 1566 1327 σωτῆρας
1587 1244 1800 1330 α’νακηρόττει,

208 1345 255 1411 ὦν
283 1347 319 1411 αἱ
345 1360 482 1428 συνεχεῖς
512 1350 697 1431 ἐπισκέψεις
725 1357 779 1412 καὶ
807 1350 976 1426 δπτασίαι,
1006 1356 1060 1413 καὶ
1088 1354 1123 1413 τό
1153 1349 1318 1424 πολυειδὲς
1350 1354 1404 1411 καλ
1434 1349 1635 1430 πολύτροπον
1653 1353 1706 1431 τῆς
1729 1356 1802 1430 περὶ

207 1450 292 1533 ἡμᾶς
313 1451 467 1527 εὐποιίας,
490 1449 536 1515 τόν
558 1456 595 1514 τά
619 1457 794 1532 θαυμαστά
818 1459 871 1516 καὶ
893 1455 1000 1517 πολλά
1023 1459 1190 1533 πανταχοῦ
1210 1457 1267 1536 γῆς
1288 1456 1399 1536 τεμένη
1419 1455 1498 1532 μετά
1520 1459 1584 1514 τῶν
1600 1458 1724 1532 σεμνῶν
1747 1459 1801 1515 καλ

207 1557 352 1639 άρχαίιον
374 1556 575 1640 διηγημάτων
603 1563 656 1619 καὶ
687 1561 749 1619 τῶν
778 1559 822 1620 ἔτι
850 1563 908 1620 νῦν
930 1556 1204 1639 πλημμυροῦντων
1225 1559 1408 1637 θαυμάτων
1431 1562 1485 1617 καὶ
1508 1558 1666 1635 ίαμάτων,
1696 1557 1733 1619 έν
1755 1556 1801 1631 οἷς

208 1683 271 1724 που
294 1664 456 1725 καὶτοῦτο
478 1662 615 1738 τὸμέγα
638 1666 691 1721 καὶ
715 1662 926 1741 περιώνυμον,
960 1662 978 1724 ό
1009 1661 1119 1734 καινός
1146 1659 1300 1741 σῦρανός,
1334 1664 1387 1725 τοῦ
1410 1663 1492 1723 θεοῦ
1514 1659 1548 1722 τό
1569 1661 1743 1740 βασίλειον,
1780 1661 1798 1723 ὁ

209 1765 405 1846 παράδεισος
427 1768 479 1847 τῆς
497 1762 608 1844 Ἐδέμ,
630 1765 664 1826 ιδ
689 1769 803 1843 θαῦμα
825 1767 888 1827 τῶν
909 1766 1067 1841 έπιγείων,
1099 1768 1162 1826 τῶν
1183 1763 1343 1846 οὐρανίων
1363 1766 1397 1826 τδ
1423 1764 1427 1849 Ι
1451 1763 1655 1849 ἐνδιαίτημα,
1723 1767 1800 1830 127²

207 1867 253 1941 σίς
275 1873 330 1929 ίνα
353 1867 473 1931 συνέλω
496 1869 529 1929 τό
553 1869 638 1942 πᾶν,
670 1865 844 1944 α’γγελικιῦν
874 1869 925 1930 δεῖ
949 1869 1102 1944 γλωσσῶν
1130 1871 1246 1941 αίτινές
1275 1869 1334 1929 είσι
1365 1868 1445 1948 πρός
1467 1866 1627 1951 εὐφημίαν
1648 1867 1798 1954 α’ξίαν,ἡ

209 1971 244 2034 δὲ
268 1974 345 2054 παρ’
371 1971 460 2052 ἡμῶν
482 1969 577 2035 οὐδὲν
599 1971 708 2046 πλέον,
731 1976 926 2056 συντηροῦσα
954 1977 998 2056 τῷ
1028 1973 1114 2056 λόγῳ
1144 1973 1199 2055 τὴν
1229 1976 1431 2053 συμμετρίαν,
1461 1971 1546 2054 πλὴν
1573 1971 1619 2035 ότι
1649 1975 1800 2046 τοιούτοις

208 2074 339 2158 ἡγεμόσι
361 2081 413 2138 καὶ
437 2077 569 2156 ἄρχουσι
591 2077 624 2137 τό
648 2074 816 2151 α’γγελικόν
838 2078 969 2154 σύμπαν
989 2076 1153 2157 χριόμενον
1172 2077 1303 2156 πάρεστί
1331 2100 1362 2138 τε
1394 2080 1446 2138 καὶ
1476 2078 1577 2156 χαίρει
1609 2078 1686 2156 παρ’
1709 2074 1800 2159 ἡμῶν

206 2180 435 2260 δοξαζόμενον·
458 2185 512 2241 καῖ
535 2177 574 2262 δὴ
597 2178 784 2254 δοξαζέσθω
808 2175 1002 2263 προσφο’ρως
1025 2185 1078 2241 καὶ
1100 2179 1338 2262 προσηκόντως·
1361 2182 1449 2242 τοῦτο
1465 2178 1493 2241 δ’
1507 2182 1550 2240 α”ν
1565 2180 1652 2252 ὅπως
1666 2182 1798 2256 γένοιτο,

209 2282 310 2346 καλόν
330 2281 532 2348 ὑποθέσθαι.

295 2387 553 2465 40*Ἑπιγνιῦμεν
580 2385 854 2470 εύαιοθητότερσν,
885 2385 1038 2470 α’δελφοί,
1069 2391 1139 2460 τοῦς
1169 2388 1350 2469 παρόντας,
1384 2390 1405 2467 η“
1431 2386 1558 2466 μᾶλλον
1588 2389 1650 2468 πρό
1682 2389 1798 2452 τούτων

207 2490 338 2563 ἑαυτούς
359 2491 546 2572 έπιγνιῦμεν.
575 2491 781 2571 λογισώμεθα
810 2494 890 2563 τίνες
918 2515 949 2553 τε
975 2489 1063 2575 ἡμεῖς
1085 2488 1117 2553 οἳ
1138 2494 1193 2573 τὴν
1215 2494 1324 2566 ξενίαν
1345 2493 1549 2573 παρέχοντες,
1581 2498 1635 2553 καὶ
1657 2495 1736 2565 τίνες
1756 2490 1799 2557 αὖ

209 2592 294 2658 οὗτοι
318 2594 419 2656 πάλιν
441 2592 472 2657 οἳ
495 2598 571 2676 παρ’
595 2593 670 2673 ἡμῖν
701 2594 921 2674 καταγόμενοι.
950 2594 1152 2677 ἐννοήσωμεν
1183 2589 1306 2657 ὁπόσον
1335 2592 1441 2667 αδτοῖς
1469 2592 1511 2667 ὠς
1539 2596 1620 2675 πρός
1648 2592 1732 2676 ἡμᾶς
1763 2596 1798 2657 τό

209 2695 391 2779 διάφορον·
416 2701 477 2759 κάν
498 2702 561 2779 γάρ
583 2703 626 2783 τῷ
650 2701 763 2781 Βραχό
786 2723 814 2761 τι
835 2699 908 2779 παρ’
935 2697 1106 2775 α’γγέλους*
1126 2702 1209 2777 μέγα
1223 2700 1305 2777 τάχα
1322 2700 1457 2781 φρονοίη
1471 2722 1525 2772 τις,
1549 2697 1619 2759 α’λλ’
1633 2697 1799 2780 οὐμικρόν

208 2799 308 2872 αὖθις
329 2803 419 2881 ἴσμεν
442 2806 605 2882 πανταχοῦ
626 2804 659 2865 τό
683 2803 774 2882 παρά
796 2806 920 2884 μικρόν.
953 2803 997 2864 έιῦ
1018 2805 1080 2884 γάρ
1102 2802 1204 2864 εἰπεῖν
1233 2802 1281 2865 δα
1302 2805 1336 2863 τό
1360 2800 1454 2885 ῥητόν
1475 2799 1678 2884 α’φιοσίωται,
1717 2804 1798 2884 πρδς

206 2904 288 2967 ἄλλο
312 2929 340 2967 τι
361 2905 467 2984 μεῖζον
489 2916 543 2968 καῖ
565 2911 794 2988 μυστικάτερον
817 2908 929 2988 φέρον,
952 2904 995 2978 ὥς
1015 2912 1057 2989 τῷ
1082 2909 1163 2988 θείῳ
1188 2906 1326 2986 Παύλῳ*
1349 2902 1454 2980 δοκεῖ,
1489 2909 1543 2966 καὶ
1565 2904 1739 2987 ὑπεραῖρον
1761 2912 1796 2969 τδ

204 3013 321 3092 μέτρον
341 3015 394 3093 τῆς
414 3006 492 3072 καθ’
516 3009 600 3093 ἡμάς
618 3015 848 3093 ταπεινότητος.
876 3010 905 3071 τί
934 3010 971 3071 δέ
993 3033 1037 3083 τις
1059 3013 1114 3070 καὶ
1134 3008 1228 3092 ταύτη
1259 3012 1339 3091 πρὸς
1369 3008 1454 3095 αύΙτδ
1483 3013 1650 3088 μετουσία,
1720 3011 1797 3076 128¹

206 3113 432 3195 παραδέχσμαι
455 3118 515 3192 μὲν
537 3114 592 3178 οιίι
615 3113 722 3195 αἠδῦς
742 3116 799 3196 τὴν
828 3114 983 3196 έξὴγησιν,
1015 3112 1081 3192 δρῶ
1109 3113 1140 3176 δ’
1173 3112 1249 3176 αι’τδ
1279 3116 1368 3176 τοῦτο
1398 3118 1452 3175 καὶ
1480 3119 1535 3175 τὸν
1557 3113 1654 3188 λόγον
1676 3113 1796 3191 άγωνι-

206 3217 337 3298 ζόμενον
359 3218 450 3294 ἐγγύς
472 3218 518 3280 ὅτι
540 3217 678 3296 μάλιστα
700 3220 873 3296 προσάξειν
895 3218 980 3300 ἡμᾶς
1001 3222 1053 3299 τῆς
1074 3223 1137 3280 τῶν
1160 3215 1303 3294 α’γγέλων
1326 3215 1420 3292 άξίας
1443 3217 1485 3279 δι’
1514 3213 1679 3300 άγγελικὴς
1701 3217 1795 3281 πολι-

204 3326 288 3395 τείας
310 3326 437 3405 καὶτῆς
459 3323 540 3404 πρός
560 3319 673 3392 αύτούς
695 3320 738 3394 ὡς
759 3322 890 3405 ἐφικτόν
911 3319 1110 3400 όμοιιόσεως·
1132 3320 1202 3382 έπεῖ
1222 3325 1280 3385 νῦν
1302 3320 1345 3392 ὡς
1367 3321 1489 3401 ἔχομεν,
1512 3319 1643 3382 δέδοικα
1663 3322 1707 3404 μὴ
1731 3321 1795 3383 κάν

205 3428 261 3509 τὴν
282 3424 435 3510 τοσαύτην
456 3425 560 3489 πάλαι
583 3427 675 3508 τιμὴν
696 3423 758 3488 ύπό
782 3428 862 3488 θεοῦ
884 3424 1089 3510 έτιμὴθημεν,
1112 3423 1198 3504 ὅμως
1220 3423 1259 3489 οῦ
1281 3428 1446 3501 συνιέντες,
1465 3426 1548 3505 μέγα
1570 3447 1601 3486 τε
1624 3424 1684 3508 η’δη
1706 3430 1794 3490 τοῦτο

201 3531 236 3592 τό
267 3532 369 3612 βραχύ
398 3531 618 3612 πεποιήκαμεν
648 3532 702 3590 καλ
734 3527 771 3592 σύ
797 3540 861 3602 τοῖς
890 3532 992 3601 θείοις
1020 3527 1147 3607 μάλλον
1176 3526 1322 3606 άγγέλοις
1355 3532 1375 3611 ἡ
1405 3539 1470 3601 τοῖς
1491 3525 1655 3610 α’νοὴτοις,
1689 3529 1718 3590 ελ
1740 3534 1795 3591 καὶ

204 3632 371 3716 δύσφημός
394 3656 461 3707 πως
484 3631 501 3695 ό
525 3632 630 3708 λόγος,
655 3632 990 3716 παρασυνεβλήθημεν
1013 3632 1181 3715 κτὴνεσιν*,
1215 3631 1258 3704 ὡς
1280 3629 1298 3695 ό
1322 3630 1415 3706 αὐτός
1435 3633 1558 3713 μάρτυς
1579 3629 1677 3706 αὖθις
1697 3633 1792 3711 έγκα-

205 3738 273 3799 λιῦν
295 3737 491 3800 διατείνεται.
515 3737 599 3799 41ότι
622 3736 652 3798 δ’
674 3734 712 3800 ού
732 3737 831 3817 μικρά
852 3760 897 3810 τις
919 3733 995 3820 ἡμῖν
1024 3738 1042 3819 ἡ
1072 3739 1147 3816 παρ’
1170 3734 1324 3814 άγγέλους
1351 3734 1540 3811 ἐλάττωσις,
1574 3736 1653 3801 ούιω
1683 3740 1794 3800 σκόπει

203 3845 257 3902 καλ
279 3844 409 3905 πείθου.
443 3837 475 3903 οἳ
494 3845 555 3920 μὲν
575 3845 731 3922 καθαραῖς
753 3842 832 3904 είσλν
854 3841 999 3914 α’παθεῖς
1020 3864 1051 3904 τε
1073 3846 1127 3902 καὶ
1148 3840 1261 3916 άῦλοι,
1291 3844 1370 3920 μετά
1394 3839 1430 3902 δὲ
1450 3847 1503 3923 τῆς
1525 3838 1600 3923 ὕλης
1622 3839 1710 3922 ἡμεῖς
1739 3848 1793 3903 καὶ

202 3950 265 4008 τῶν
286 3947 339 4029 τῆς
360 3944 434 4028 ύλης
456 3951 580 4009 παθῶν
601 3954 655 4010 καῖ
677 3943 922 4024 έλαττωμάτων·
944 3943 976 4005 οἳ
993 3947 1053 4023 μὲν
1067 3942 1187 4026 ὑψηλοὶ
1209 3949 1264 4005 καί
1276 3943 1438 4026 μετάρσιοι
1463 3948 1518 4005 καί
1539 3947 1626 4007 θεῖσι
1648 3943 1681 4006 τό
1705 3944 1792 4020 ὅλον,

201 4049 290 4132 ἡμεῖς
312 4048 348 4111 δὲ
371 4049 451 4127 σάρξ
472 4049 619 4125 έπιεικιῦς
640 4050 783 4131 α’σθενὴς
803 4054 858 4108 καὶ
880 4048 914 4111 τὸ
936 4046 1036 4109 πλέον
1057 4050 1095 4130 γὴ
1118 4050 1173 4108 καλ
1195 4047 1343 4123 σποδός*,
1373 4046 1540 4128 ἐρχόμενοί
1565 4070 1596 4110 τε
1617 4054 1719 4128 χαμαί
1741 4055 1794 4111 καλ

202 4152 253 4215 δεῖ
274 4152 359 4214 κάτω
382 4156 566 4232 βρίθοντες·
592 4154 622 4218 οἳ
643 4159 703 4235 μὲν
726 4153 845 4234 φλόγες
867 4153 1017 4232 ᾆττουσαι
1047 4157 1102 4212 καὶ
1124 4157 1192 4214 πᾶν
1214 4152 1420 4231 έμπιπριόσαι
1441 4154 1475 4213 τό
1497 4154 1539 4233 μὴ
1563 4154 1669 4226 καλῶς
1691 4171 1793 4233 προσ-

202 4255 352 4332 πελάζον,
377 4258 381 4341 Ι
406 4254 481 4340 ἡμῖν
503 4257 531 4320 δ’
553 4259 699 4321 ἐνταῦθα
722 4255 774 4320 δεῖ
792 4256 929 4336 μάλιστα
951 4260 1004 4339 τῆς
1025 4253 1151 4338 δρίστης
1172 4254 1299 4339 βουλῆς,
1321 4257 1392 4317 τίνα
1410 4255 1529 4337 τρόπον
1543 4255 1647 4321 αὐτῶν
1716 4260 1793 4324 128²

201 4367 254 4427 τοῦ
277 4364 467 4441 θαυμαστοῦ
491 4363 596 4440 φωτός
618 4359 879 4435 α’πολαόσαντες,
910 4364 965 4424 τοῦ
993 4361 1133 4441 φοβεροῦ
1154 4359 1256 4442 πυρός
1275 4363 1318 4442 μὴ
1341 4359 1567 4439 μετάσχοιμεν·
1603 4361 1632 4423 ελ
1653 4362 1715 4441 γάρ
1738 4369 1792 4423 καῖ

200 4466 317 4539 πάντες
337 4465 397 4527 είσλ
420 4465 634 4547 λειτουργικὰ*
657 4466 832 4544 πνεύματα,
864 4464 910 4536 είς
931 4462 1103 4525 διακονίαν
1124 4461 1384 4542 α’ποστελλόμενα
1407 4463 1463 4524 διὰ
1485 4468 1556 4537 τοῦς
1577 4464 1794 4548 κληρονόμους

199 4573 251 4655 τὴς
272 4569 445 4649 βασιλείας,
469 4568 555 4631 α’λλοὶ
579 4574 633 4630 καλ
656 4569 773 4642 πάντες
796 4573 859 4648 πῦρ
885 4566 1016 4649 φλέγεν,
1040 4566 1240 4630 α’ναλωτικδν
1260 4571 1459 4651 μοχθηρίας,
1490 4574 1544 4629 καὶ
1568 4575 1694 4650 πνεῦμα
1718 4572 1793 4634 δια-

199 4674 276 4739 λῦον
296 4674 355 4757 ὄρη
377 4678 431 4735 ταλ
452 4675 569 4755 πέτρας
590 4674 734 4756 έκτρῖβσν
753 4710 797 4722 -
819 4668 1007 4745 α’ντιτύπους
1028 4672 1118 4752 οἶμαι
1148 4674 1258 4756 ψυχάς
1286 4676 1340 4733 καλ
1372 4671 1526 4756 σκληράς,
1556 4677 1635 4756 πρὸς
1656 4674 1712 4757 τὴν
1734 4674 1794 4739 ἀπ’

199 4777 300 4843 αι’τιῦν
322 4779 489 4859 συνεργίαν
509 4780 745 4858 τραχυνομένας
774 4782 828 4838 καὶ
849 4777 1123 4858 κατεπαιρομένας
1150 4774 1295 4855 άβούλως
1326 4778 1378 4860 τῆς
1399 4776 1518 4839 τούτων
1539 4777 1738 4853 ἐπιστασίας·
1774 4781 1792 4842 δ

270 4920 302 4966 40
311 4900 353 4956 (λΠΙ
363 4898 460 4963 ἧθικόν
472 4900 642 4953 studentum!
652 4899 655 4970 Ι
666 4900 799 4966 40Psalm
808 4919 823 4964 ιγ
833 4904 848 4951 6
860 4896 865 4970 Ι
876 4898 992 4964 40Hebr
1001 4903 1046 4961 τ,6
1056 4898 1059 4969 Ι
1071 4898 1202 4964 ςοΡετλαι
1210 4917 1249 4970 μη
1259 4918 1287 4966 ¹3
1299 4897 1304 4967 Ι
1315 4919 1344 4965 4¹
1358 4898 1420 4954 Gen
1429 4917 1452 4966 χ,
1462 4917 1491 4966 ¹9
1501 4903 1539 4964 18,
1548 4917 1577 4965 ²7
1588 4896 1592 4966 Ι
1602 4917 1631 4964 4ι
1643 4898 1720 4955 Hebr
1729 4920 1751 4966 1,
1764 4920 1794 4966 τι,
