4560 6172
354 514 397 577 64

349 687 538 766 περαιτέρως
560 688 622 748 τάν
644 684 674 746 δ’
697 684 806 746 ἄλλων
826 685 882 756 τάς
912 683 1013 754 λε’σεις
1040 684 1077 745 ἐν
1106 682 1223 765 ἑτέροις
1250 684 1493 765 ἐποιησάμεθα,
1522 689 1578 759 τάς
1608 684 1663 759 δέ,
1696 687 1776 750 θεοῦ
1806 686 1927 761 δόντος,

347 789 383 851 έν
405 792 506 871 καιρῷ
528 789 753 871 ποιησόμεθα·
787 790 905 868 μόνον,
935 792 1022 868 εἴπερ
1046 787 1305 876 αίσθ[αν]όμεθα
1327 793 1383 870 τήν
1404 795 1462 872 σήν
1483 788 1660 852 ἀδέκαστον
1683 793 1798 870 ψήφον
1819 792 1854 852 κδ
1876 789 1927 853 εό-

345 894 508 974 επήβολόν
528 916 560 954 τε
583 899 637 954 καὶ
659 897 785 973 καίριον
805 893 1081 972 ἐπιμαρτυρήσειν
1101 891 1220 957 αἰταῖτ.
1277 892 1407 957 19οὐδὲν
1436 897 1542 971 μέντοι
1568 895 1707 957 τοιοῑτον
1730 890 1797 954 οἷον
1830 891 1926 957 αι’τον

346 1000 380 1058 σε
403 1003 483 1076 πρός
505 995 588 1080 ήμάς
609 995 787 1076 ἀφιγμένον
809 994 852 1068 ἀις
875 995 892 1079 ή
915 994 1097 1076 ὑπόσχεσις,
1128 1002 1229 1074 στόμα
1252 998 1331 1058 κατά
1354 996 1455 1077 στόμα
1478 996 1632 1077 λαλῆσαι,
1668 1002 1721 1056 καὶ
1743 996 1925 1061 λαλούντων

347 1100 482 1163 ἀκοίσαι
504 1105 577 1182 περί
597 1124 628 1162 τε
650 1106 768 1165 τούτων
790 1099 908 1175 αάττόν,
943 1106 996 1161 καί
1025 1106 1098 1181 περὶ
1126 1103 1185 1161 τῶν
1214 1099 1324 1161 ἀλλων
1352 1095 1399 1162 ἀν
1429 1103 1524 1178 θέμις
1552 1100 1735 1180 φιλολογεῖν
1765 1100 1925 1182 ἡμᾶςκαὶ

347 1203 555 1285 φιλοσοφεῖν·
589 1199 626 1267 οὗ
647 1214 750 1282 τυχεῖν
771 1207 827 1285 τήν
846 1207 991 1287 ταχίστην
1011 1203 1179 1283 ἐλπίζομεν
1200 1205 1281 1282 ὁμοῦ
1310 1207 1364 1265 καί
1384 1203 1546 1283 εὐχόμεθα
1568 1210 1658 1285 παρὰ
1681 1208 1735 1268 τοῦ
1757 1211 1922 1278 ποιοῦντος

345 1291 533 1389 τότθέλημα
555 1310 617 1369 τεόν
639 1311 848 1391 φοβουμένων
870 1306 974 1371 αέτόν.

435 1415 528 1479 118.
549 1415 599 1474 ιθ.
622 1412 686 1473 1Τί
707 1411 815 1486 λέγεις,
838 1414 1014 1489 άνθρωπε,·
1037 1410 1124 1493 ἡμεῖς
1145 1411 1333 1473 δυναστείαν
1354 1409 1565 1492 ἀνθρωπίνην
1584 1411 1814 1491 θαυμάζομεν,·
1837 1412 1925 1494 ἢμεῖς

346 1515 474 1596 ἐρασταί
495 1521 547 1598 τῆς
568 1515 603 1590 ἐξ
625 1513 815 1596 ἀνθρώπων
835 1520 939 1598 τιμῆς,·
961 1514 1048 1597 ἡμεῖς
1069 1515 1228 1592 βασιλέων
1249 1513 1339 1596 φίλοι
1360 1520 1415 1575 καί
1436 1514 1598 1596 σι”νεδροις
1621 1521 1674 1576 καὶ
1688 1527 1752 1588 τοῖς
1764 1528 1924 1591 ταπεινοῖς

346 1621 453 1681 τούτου
475 1621 569 1698 χάριν
591 1617 774 1702 ἀνομίλητον
797 1625 849 1679 καὶ
872 1618 1054 1700 ἀπρόσιτοις
1077 1617 1224 1700 εὗφήμει,
1248 1622 1365 1698 πάτερ,
1387 1615 1536 1699 εὐφήμει,
1562 1625 1614 1679 καί
1635 1621 1678 1701 μή
1699 1624 1737 1681 τά
1761 1622 1921 1701 προσόντα

346 1722 470 1801 μάλλον
492 1720 607 1801 ἑτέροις
629 1721 703 1803 η’μῖν
725 1721 768 1794 ὥς
788 1723 856 1784 ἴδια
880 1726 1032 1804 πρόφερε.
1078 1723 1186 1784 2πάνυ
1208 1723 1269 1800 γάρ
1292 1720 1479 1800 ἀγνοοῦμεν,
1501 1725 1584 1795 τίνος
1603 1721 1742 1800 μάλιστα
1764 1729 1860 1787 ταῦτα
1882 1728 1921 1785 τά

347 1831 444 1906 σεμνά
468 1826 643 1910 διηγήματα
664 1831 718 1891 τοῦ
738 1830 850 1906 πέρυσι
874 1827 878 1910 ή
904 1831 1091 1908 φοιτῶντος,
1126 1823 1325 1904 ὦβέλτιστε,
1357 1828 1433 1902 μετὰ
1457 1826 1653 1907 δορυφορίας
1673 1827 1719 1899 είς
1739 1828 1777 1888 τά
1865 1828 1923 1892 64²

346 1930 506 2006 βασίλεια,
540 1928 583 2003 τίς
605 1933 647 1990 ἀν
669 1929 899 2016 ἀναμνησθῇς,
927 1931 956 1992 εί
976 1930 1156 2010 ἐκλέλησαι,
1193 1934 1246 1989 καὶ
1270 1933 1361 2009 μέχρι
1382 1933 1441 2008 μὲν
1462 1937 1525 1991 τῶν
1547 1930 1721 2008 προθόρων
1743 1930 1779 1992 ἐν
1801 1935 1920 2015 φορείῳ

348 2033 551 2113 κομιζομένου
574 2034 718 2118 (τοσαύτη
740 2057 784 2106 τις
806 2035 845 2108 ἦν
867 2034 884 2117 ἡ
906 2040 961 2099 τοῦ
981 2032 1101 2114 ἀνδρὸς
1122 2036 1223 2115 τρυφή
1246 2036 1299 2093 καί
1319 2032 1484 2115 βλακεία),
1517 2035 1550 2094 τό
1584 2034 1734 2097 ἐντεῦθεν
1763 2033 1800 2095 δὲ
1822 2037 1922 2113 σοβα-

347 2137 483 2221 ραίτερον
505 2138 567 2202 ὑπδ
590 2141 744 2222 βακτηρίᾳ
765 2138 965 2214 βαδίζοντος,
998 2139 1083 2199 ἐπάν
1105 2137 1134 2198 δ’
1156 2137 1201 2209 είς
1223 2138 1305 2218 ὄψιν
1327 2135 1475 2218 ἀφίκοιτο
1495 2140 1550 2197 καὶ
1572 2139 1658 2198 θέαν
1679 2141 1732 2201 τοῦ
1753 2138 1919 2216 βασιλέως,

347 2241 576 2315 ὑποσκάζοντός
598 2264 666 2314 πως
687 2240 834 2320 εὐτέχνως
855 2247 910 2302 καί
931 2240 1032 2325 η’ρέμα
1055 2239 1264 2324 στενάξαντος,
1285 2244 1319 2303 τὸ
1339 2244 1400 2318 μέν
1420 2265 1448 2303 τι
1470 2246 1524 2302 καὶ
1545 2244 1626 2322 πρὸς
1644 2239 1807 2323 ἀλήθειαν
1828 2242 1920 2326 (φίλη

346 2348 407 2427 γάρ
431 2345 448 2429 ἢ
472 2344 627 2426 ἀλήθεια)
651 2344 693 2418 ὡς
714 2350 768 2407 τόν
789 2344 922 2422 γλουτόν
943 2344 1148 2429 πεπληγότος,
1172 2345 1397 2425 πεπλασμένον
1419 2345 1449 2405 δ’
1472 2344 1562 2424 ολμαι
1583 2345 1616 2405 τό
1640 2343 1757 2417 πλέον,
1790 2349 1844 2406 ίνα
1867 2349 1921 2406 καί

347 2449 424 2535 δόξη
448 2449 573 2529 μάλλον
594 2449 717 2522 αίδοῖος
739 2448 887 2536 (ἐλεεινός
908 2450 969 2531 γάρ
991 2447 1093 2524 λέγειν
1114 2447 1231 2533 όκνά),
1264 2454 1317 2510 καὶ
1339 2447 1394 2510 διά
1417 2450 1503 2512 τοῦτο
1526 2446 1693 2528 καθέδρας
1715 2445 1843 2536 ἀξιωθῇ
1867 2447 1919 2522 ζ-

347 2553 454 2636 λωτῆς.
499 2551 615 2630 8όγωγε
636 2556 742 2615 τοίνυν
762 2557 816 2617 τόν
837 2555 976 2617 τοιοῦτον
997 2554 1177 2633 ἄνθρωπον
1207 2550 1300 2613 οῖδα·
1330 2553 1389 2612 εἴτε
1417 2552 1453 2612 ἐν
1483 2549 1621 2632 σάματι,
1651 2548 1707 2615 οὐκ
1736 2551 1825 2614 οῖδα·
1861 2556 1920 2614 εἴτε

346 2663 400 2720 καί
422 2655 603 2741 οέχοότως,
625 2654 681 2720 οόκ
703 2656 793 2720 οἶδα·
816 2656 833 2720 ὁ
857 2660 937 2729 θεὸς
959 2654 1090 2720 οἶδε-
1118 2659 1172 2717 καὶ
1202 2654 1315 2717 πολλοὶ
1343 2656 1405 2717 τάν
1435 2653 1626 2733 ἀνθρώπων
1648 2691 1689 2703 -
1719 2651 1762 2728 ὥς
1782 2655 1920 2737 ἐξῆλθεν

347 2762 481 2836 ἐκεῖθεν,
505 2758 689 2842 ἀπόδεσμον
711 2758 836 2841 ἀνέχων
857 2759 959 2843 ἀδρδν
981 2757 1221 2822 πολυταλάντου
1242 2761 1382 2839 χρυσίου,
1404 2763 1458 2820 καί
1479 2761 1576 2841 πένης
1596 2760 1640 2840 τῷ
1661 2758 1767 2821 δοκεῖν
1784 2760 1919 2840 προσελ-

347 2867 430 2940 θοίν,
453 2863 603 2948 ἀπῆλθεν
625 2862 783 2945 εὐδαίμων
805 2863 841 2926 ἐν
867 2862 998 2946 ἀκαρεῖ,
1030 2868 1107 2942 μετά
1138 2862 1283 2936 πλείονος
1312 2861 1355 2924 ἔτι
1381 2864 1433 2944 τῆς
1461 2865 1540 2924 κατά
1570 2864 1702 2924 πάντων
1731 2861 1919 2945 ὑπεροψίας.

347 2971 438 3052 ιπερὶ
459 2972 512 3032 τοῦ
530 2971 670 3031 τοιούτου
693 2966 892 3050 καυχήσομαι
915 2970 958 3053 (εἴ
977 2989 1004 3029 οι
1028 2966 1153 3029 δεῖκαὶ
1174 2967 1433 3050 καυχήσασθαι),
1458 2966 1462 3052 Ι
1487 2969 1559 3046 περί
1580 2965 1717 3046 ἐμαυτοῦ
1739 2965 1774 3028 δὲ
1859 2969 1918 3033 65¹

345 3073 463 3149 οίκέτι,
496 3073 531 3146 ὃς
553 3072 719 3154 καθέδρας
740 3075 799 3151 μὲν
821 3071 991 3145 πλεονάκις
1028 3070 1079 3158 (οὐ
1109 3071 1170 3153 γάρ
1203 3069 1255 3133 δεῖ
1287 3069 1487 3154 ψεύδεσθαι,
1520 3072 1574 3130 καλ
1601 3071 1697 3134 ταῦτα
1721 3077 1801 3152 πρὸς
1822 3072 1918 3153 φίλον

345 3179 451 3260 ἀνδρα
473 3182 527 3239 καί
548 3173 659 3261 ίερόν),
681 3175 861 3260 τηλικαύτης
883 3175 918 3238 δέ
941 3175 1113 3250 δεξιάσεως
1135 3173 1201 3239 οὐδ’
1215 3172 1357 3252 ὀλιγάκις
1376 3171 1527 3256 η’ξίωμαι·
1551 3171 1636 3235 ἀλλά
1657 3175 1725 3248 τούς
1738 3178 1797 3254 μὲν
1812 3175 1919 3249 πόδας

346 3280 530 3356 ἀνέπαυσα,
564 3280 619 3353 τάς
648 3279 684 3342 δέ
712 3290 819 3362 χεῖρας
847 3278 903 3345 οὐκ
931 3279 1156 3360 ἐθεράπευσα·
1192 3280 1286 3351 κενάς
1316 3281 1377 3358 γάρ
1399 3279 1481 3357 ἔχων
1502 3276 1755 3363 ἀπεπεμπόμην,
1786 3279 1854 3342 ἐπεὶ
1874 3280 1917 3363 μή

346 3387 450 3449 πάντα
473 3385 563 3467 ήμην,
587 3382 630 3456 ὡς
652 3384 762 3459 ἔοικεν,
784 3381 911 3467 εὐτυχής
932 3382 1005 3466 μηδ’
1028 3380 1145 3467 εὐφυής
1168 3385 1233 3445 κατ’
1255 3382 1384 3446 ἐκεῖνον,
1432 3381 1538 3444 λάλλά
1560 3385 1588 3443 τί
1609 3382 1710 3460 γελῶν
1730 3381 1917 3472 έγκαλόπτη,

344 3491 372 3554 εί
393 3491 434 3573 μή
456 3490 552 3563 κακδς
572 3490 633 3566 ἐγιδ
656 3487 837 3572 στοχαστήςς
860 3486 880 3573 ἦ
902 3509 966 3551 που
987 3486 1069 3568 τάχα
1091 3491 1244 3569 συνῆκας,
1277 3485 1320 3559 τός
1342 3490 1442 3569 σοφὸς
1463 3489 1517 3547 καί
1539 3482 1703 3564 ἀγχίνους,
1737 3491 1791 3548 καὶ
1811 3491 1866 3570 τὴν
1887 3511 1918 3550 τε

344 3598 462 3678 πρᾶξιν
484 3588 563 3671 ὁμοῦ
585 3596 638 3653 καὶ
659 3597 712 3655 τὸν
734 3593 866 3675 ἐργάτην
887 3593 1070 3672 ἐγνωρισας.
1114 3591 1253 3665 6ἐκεῖνος
1283 3589 1340 3656 οὖν
1368 3590 1443 3654 ἔστω
1474 3607 1523 3653 σοι
1546 3597 1663 3664 σκοπός
1684 3591 1729 3665 είς
1751 3591 1917 3675 διαβολήν,

344 3697 452 3780 ἐπειδή
475 3696 563 3771 ἅπαξ
586 3696 711 3779 ἔκρινας
731 3696 961 3780 ἀνθρωπίνους
982 3698 1070 3777 βίους
1093 3695 1242 3770 κακίζειν,
1273 3699 1326 3757 καί
1356 3696 1509 3758 σκάπτειν
1537 3694 1628 3758 δοκεῖ
1657 3712 1706 3758 σοι
1738 3697 1807 3770 τοὺς
1839 3696 1918 3779 πρός

344 3801 444 3877 δόξαν
466 3800 690 3884 ἐπτοημένους·
721 3801 804 3884 ἡμᾶς
827 3801 863 3864 δέ
885 3799 993 3879 βαλεῖς
1014 3797 1249 3882 εὐστοχοίτερον,
1282 3798 1334 3881 ἐφ’
1367 3798 1482 3880 ἑτέροις
1513 3798 1640 3878 μᾶλλον
1673 3798 1808 3874 τοξεύων
1840 3802 1917 3862 καί*

343 3909 469 3972 τοιαῦτα
490 3907 709 3988 μεμφόμενος·
743 3904 780 3972 οὗ
804 3908 865 3989 γάρ
893 3903 1055 3987 ἀτυχήσεις
1083 3899 1131 3988 (εὖ
1155 3905 1240 3976 ἴσθι)
1270 3905 1346 3985 παρ’
1371 3902 1444 3984 ἡμῖν
1466 3902 1698 3983 ἐλαττώματος,
1728 3903 1771 3976 ὡς
1793 3903 1861 3968 οὔδ’
1883 3904 1918 3967 ἐν

343 4010 444 4096 πλοίῳ
469 4009 606 4085 σανίδος,
630 4009 704 4075 οὐδὲ
726 4010 824 4074 λίθου
845 4012 948 4089 τυχόν,
971 4008 1050 4071 κατά
1074 4007 1200 4090 λιθίνης
1226 4007 1377 4088 κλίμακος
1406 4008 1565 4086 ἐνεχθείς,
1599 4013 1653 4070 ίνα
1680 4008 1919 4091 γνωριμώτερον

345 4117 415 4203 έχητ
437 4115 471 4177 ἐκ
494 4117 545 4196 τής
567 4118 678 4196 πείρας
701 4121 754 4177 καί
775 4116 807 4178 τό
831 4111 1020 4193 ὑπόδειγμα.
1066 4112 1167 4175 λάλλο
1195 4115 1301 4174 τοίνυν
1332 4110 1503 4195 ἁμάρτημα
1525 4116 1589 4175 τῶν
1610 4112 1776 4199 ὴμετέΙρων
1862 4115 1919 4179 652

343 4218 531 4298 ἀπολαβόν,
555 4221 585 4280 εί
605 4236 653 4281 σοι
676 4219 791 4301 φίλον,
814 4217 968 4296 λοιδόρει·
1001 4217 1108 4281 τούτου
1131 4214 1166 4278 δὲ
1190 4219 1244 4280 τοῦ
1260 4218 1375 4298 μέρους
1401 4220 1455 4277 καί
1476 4219 1529 4280 τοῦ
1551 4216 1743 4299 ἐγκλήματος
1764 4216 1919 4298 ἀπόσχου,

342 4323 497 4404 μακάριε·
521 4326 575 4384 καὶ
596 4325 656 4404 γάρ
680 4327 733 4385 καὶ
755 4321 849 4394 αι’τός
870 4321 1046 4400 ἄνθρωπος
1070 4319 1275 4402 ὁμοιοπαθής
1298 4318 1372 4403 ἡμῖν
1393 4321 1435 4396 εί,
1470 4326 1524 4382 καί
1551 4319 1652 4395 οὐδεὶς
1673 4321 1709 4384 ἐν
1730 4319 1920 4403 ἀνθρώποις
2041 4376 2043 4379 .

343 4429 362 4511 η
385 4428 571 4490 παντάπασι
593 4428 728 4500 σπάνιος
750 4423 768 4491 ὁ
790 4424 865 4487 καθ’
893 4423 969 4486 ὅλου
999 4422 1095 4506 δόξης
1127 4424 1390 4507 καταφρονήσας,
1421 4429 1475 4486 ίνα
1506 4424 1603 4506 χάριν
1633 4426 1691 4507 σήν
1725 4426 1920 4524 παραλείψω

343 4533 376 4595 τό
400 4534 637 4615 χρηματιστικόν
665 4537 717 4593 καὶ
748 4529 974 4614 φιλόπλουτον.
1020 4525 1110 4590 8ἐπεὶ
1141 4527 1176 4590 δὲ
1209 4528 1365 4610 πασσάλῳ
1394 4529 1449 4591 τὸν
1477 4529 1645 4592 πάσσαλον
1673 4534 1848 4612 προσφυῶς
1869 4531 1921 4605 ἐξ·

341 4637 541 4721 εκροόσαμεν,
563 4639 684 4719 μέμψει
707 4632 880 4718 πλήξαντες
901 4634 1036 4714 μέμψιν,
1059 4634 1091 4695 τό
1114 4631 1262 4697 ἐντεῦθεν
1283 4633 1390 4715 εἰρήνη
1413 4648 1461 4695 σοι
1484 4632 1596 4715 πολλή.
1620 4638 1673 4695 καὶ
1695 4631 1827 4711 ὑγίαινε.

414 4799 442 4848 ¹9
462 4781 552 4834 Pnalm
571 4781 629 4849 ρμδ
645 4799 673 4847 19
690 4778 694 4849 ί
711 4798 723 4845 3
743 4777 859 4832 Corinth
876 4782 894 4843 β
915 4797 979 4843 12‚2
995 4779 999 4844 Ι
1016 4797 1028 4844 3
1049 4775 1165 4830 Corinth
1183 4781 1201 4843 β
1220 4792 1282 4842 12,5
1300 4777 1305 4842 Ι
1321 4780 1336 4827 6
1354 4776 1569 4831 scribendumne
1587 4775 1602 4840 ἢ
1620 4774 1671 4830 καί
1687 4774 1722 4845 18
1742 4777 1919 4833 Εδεῑωυίεελι

342 4868 442 4923 corpus
461 4852 637 4922 paroemiogr
656 4852 680 4905 11
701 4869 743 4916 171
764 4851 780 4919 β
799 4868 829 4915 47
