4560 6172
1877 477 1942 543 221

341 670 399 708 nou
419 651 509 706 solum
529 668 562 706 ex
587 650 664 703 Vitae
683 649 773 719 ipsius
791 665 877 717 supra
895 649 1025 703 exhibita
1045 648 1124 703 brevi
1143 649 1284 716 Epitoms,
1311 664 1408 703 verum
1430 648 1518 703 etiam
1537 664 1572 702 ex
1591 647 1660 717 ipsis
1678 648 1737 703 illis
1759 649 1943 715 Poematibas,

344 741 445 810 utpote
468 741 498 793 in
523 739 626 806 quibus
646 738 707 807 jam
731 737 880 792 memorati
899 737 1074 806 Imperatoris
1097 736 1270 791 Constantini
1287 738 1469 800 Monomaeti,
1555 737 1645 808 1741
1724 740 1862 808 tanquam
1880 758 1945 810 syn·

347 830 455 894 ebrani,
475 826 628 896 aliquoties
646 826 815 881 nominatim
834 826 868 879 fit
886 825 1006 890 mentio;
1025 825 1146 893 ideoque
1165 825 1325 895 supplenda
1343 828 1386 880 est
1403 827 1436 880 R.
1450 827 1480 880 P.
1501 827 1647 897 Hippolyti
1664 828 1801 882 Maracoii
1817 829 1945 882 lucensis

347 915 514 969 Bibliotheca
534 915 681 975 Mariana,
716 914 766 967 ubi
790 914 825 968 de
850 913 975 982 ejusdem
995 913 1109 968 Autaris
1135 922 1247 975 aetate,
1275 915 1357 982 quasi
1382 915 1417 968 de
1442 933 1471 970 re
1495 915 1618 980 ineerta,
1647 917 1743 987 agit-ur
1767 916 1812 971 his
1836 917 1947 972 verbis:

346 1005 535 1058 IOANNES
555 1002 822 1056 ’EUCHAITAR
832 1002 893 1054 VM
912 1003 1079 1072 Episcopus,
1110 1004 1216 1055 natione
1245 1006 1379 1067 Graecus,
1413 1005 1483 1055 inter
1514 1005 1741 1074 Hymnoprapbos
1769 1005 1948 1058 Menasorune

343 1094 470 1163 inn'qnis:
499 1093 530 1144 de
555 1095 632 1160 cnjus
657 1097 742 1144 aeuste
765 1097 814 1143 aut
836 1091 891 1143 sila
910 1090 947 1144 R.
971 1091 1004 1142 P.
1028 1091 1122 1143 Simon
1150 1092 1331 1160 Wanpnerecls
1356 1093 1383 1144 in
1409 1110 1458 1144 sua
1485 1092 1591 1146 Pietate
1610 1095 1741 1146 Mariana
1767 1099 1944 1158 Graecorum,

350 1183 428 1236 Part.
448 1182 473 1233 I.
493 1183 522 1232 in
543 1181 743 1249 Prolepomsnis
761 1197 835 1232 num.
854 1197 894 1246 25.
915 1197 942 1232 ee
962 1181 1081 1232 nondum
1099 1179 1246 1249 quidquam
1265 1181 1393 1233 inuenisse
1411 1181 1514 1244 scribit,
1540 1183 1613 1250 quod
1637 1182 1708 1237 Viris
1728 1183 1814 1236 doctis
1830 1183 1946 1252 probare

350 1290 377 1323 se
399 1288 476 1339 posse
501 1270 667 1340 confideret:
695 1269 812 1322 studium
836 1286 914 1320 suum
933 1286 997 1336 erpa
1017 1269 1053 1320 B.
1080 1268 1218 1338 Virqinem
1245 1269 1392 1322 declaravit
1416 1270 1554 1323 scribendo
1577 1289 1672 1340 prasos
1700 1271 1736 1322 In
1760 1271 1947 1325 dormitionem

352 1360 545 1412 Sanctissimae
565 1357 704 1428 Deiparae
727 1358 883 1410 Orationem
903 1375 994 1420 unam,
1016 1376 1084 1426 quae
1102 1356 1286 1424 manuscripta
1304 1363 1392 1410 scenst
1409 1359 1438 1409 in
1457 1359 1623 1412 Bibliotheca
1651 1359 1796 1413 Vaticana:
1826 1360 1949 1415 Canones

352 1450 416 1500 item
435 1453 491 1500 octo
510 1448 707 1517 deprecatorios
726 1447 763 1498 ad
782 1447 986 1498 Sanctissimam
1000 1445 1151 1515 anaram
1168 1446 1312 1498 secundum
1332 1451 1389 1500 octo
1401 1446 1492 1500 Ecbos
1508 1450 1683 1512 Graecorum,
1705 1450 1752 1519 qui
1770 1450 1949 1520 manuscripti

351 1543 458 1590 essunt
476 1537 581 1589 ibidem.
628 1536 704 1589 Haec
724 1535 889 1587 Maracoius.
930 1534 1078 1590 Caeterum
1102 1551 1154 1588 uec
1179 1533 1294 1588 silentio
1320 1535 1556 1604 praetereundum
1585 1538 1642 1601 est,
1671 1554 1755 1607 supra
1782 1540 1947 1593 enumerata

354 1626 486 1679 Poe-moto
505 1642 583 1677 saera
602 1643 619 1676 a
638 1624 743 1676 Ioanne
762 1623 886 1676 Meureio
905 1623 995 1677 sexies
1013 1622 1097 1677 citari
1116 1622 1145 1676 iu
1169 1624 1306 1675 Clossario
1329 1624 1587 1688 &acco-Barbara,
1611 1625 1773 1694 etquidem
1793 1627 1945 1694 velutjom

352 1715 434 1767 edite.
473 1713 534 1778 Quo
552 1714 648 1766 autem
667 1714 795 1781 tempore
815 1713 843 1766 et
861 1712 932 1776 loco,
952 1711 1087 1780 cujusque
1106 1728 1174 1765 cura
1199 1714 1228 1766 et
1246 1712 1341 1766 stridio
1359 1712 1448 1767 editio
1468 1712 1518 1767 illa
1537 1713 1566 1767 in
1587 1714 1679 1768 lucem
1698 1714 1852 1784 prodierit,
1879 1731 1947 1770 non·

352 1802 420 1857 dum
440 1803 520 1872 potui
541 1800 742 1870 indagars(A).

1083 1893 1222 1955 5⁶0-564·

624 1976 734 2047 15601
1084 1976 1225 2031 aoxclx.

727 2063 933 2117 Ducentesimns
957 2067 1143 2134 nonaqesimns
1167 2083 1253 2119 nonus
1279 2066 1388 2120 ’Codex
1408 2068 1616 2136 manuscriptus
1639 2067 1808 2137 Ybeolopicus
1829 2069 1949 2122 &aecus

356 2159 400 2210 est
411 2156 629 2207 nienstrannoeus
641 2155 829 2223 pervetustus,
848 2154 1013 2223 perelegans
1033 2157 1063 2209 et
1081 2155 1205 2224 optimae
1218 2157 1302 2209 notua
1321 2155 1350 2207 in
1361 2156 1446 2224 solio,
1468 2157 1635 2223 constatque
1647 2173 1723 2211 nuno
1736 2156 1813 2211 foliis
1825 2159 1946 2210 trecentis

356 2246 526 2314 septaaqinta
539 2263 603 2307 uno,
625 2246 655 2298 et
674 2244 711 2297 ab
724 2243 1015 2311 aspernamenta,
1034 2245 1066 2297 ut
1085 2243 1144 2313 ipse
1163 2244 1249 2297 solita
1260 2244 1392 2313 propriae
1411 2262 1510 2299 manus
1527 2244 1711 2314 inscriptione
1730 2246 1861 2310 testatur,
1879 2245 1948 2300 olim

355 2333 411 2387 tuit
432 2335 612 2403 comparatus
636 2331 878 2400 Constantinopoli.
917 2331 1106 2386 Continentur
1124 2349 1156 2386 eo
1176 2332 1262 2387 haec:

462 2422 571 2485 Primo,
598 2425 628 2476 et
651 2420 766 2490 quidem
785 2437 803 2473 a
820 2419 869 2473 fol.
880 2439 901 2472 1.
921 2436 985 2488 pag.
998 2439 1018 2474 1.
1038 2436 1126 2487 usque
1146 2436 1163 2474 a
1180 2419 1276 2485 fol.77.
1295 2436 1359 2489 pag.
1373 2440 1397 2473 c.
1415 2419 1548 2473 ³Ioannis
1566 2421 1733 2491 cognomine
1752 2422 1949 2492 ‘Manopedis

351 2511 410 2565 sive
432 2511 602 2580 Niqripeetis,
628 2510 751 2580 primum
770 2508 913 2570 Monacbi,
944 2507 1045 2562 deinde
1073 2508 1168 2561 autom
1188 2508 1375 2576 Metropolitae
1393 2508 1623 2578 mactatarum,
1653 2509 1775 2563 Canonee
1790 2512 1951 2579 paracletici

352 2600 411 2654 aive
436 2600 546 2653 Cantica
562 2599 737 2652 corssolatoria
750 2599 847 2667 viginti
857 2603 973 2666 quatuor
986 2598 1023 2648 ad
1041 2597 1177 2649 Cluistum
1192 2598 1376 2662 Servatorem3
1399 2614 1518 2665 quorum
1538 2599 1758 2667 unumquodque
1776 2599 1949 2668 peculiarem

353 2705 433 2743 suam
453 2689 540 2744 habet
558 2688 788 2750 Aorosticbidem,
816 2703 890 2754 quae
910 2685 1026 2749 itidem,
1045 2683 1087 2739 'ut
1106 2685 1253 2752 quaelibet
1276 2686 1331 2739 Ode
1351 2703 1437 2750 nona,
1467 2687 1579 2741 nomine
1598 2687 1712 2740 Ioannis
1734 2688 1872 2759 insignita
1896 2691 1948 2744 est.

357 2778 468 2831 Primus
487 2779 601 2833 illorum
625 2779 765 2833 Canonnm
784 2776 949 2832 inscribitur
967 2777 1053 2841 utque
1073 2774 1176 2843 incipit
1194 2775 1246 2828 hoo
1265 2774 1357 2830 moda:
1379 2776 1499 2833 Κανύνες
1516 2777 1705 2844 παρακλητικοὶ
1723 2779 1759 2835 ln
1776 2775 1825 2830 eir
1842 2777 1947 2846 Κύριον

350 2867 398 2919 esni
417 2863 486 2920 Θεὸν
510 2865 586 2938 ἡμῶν
600 2866 684 2932 Ἰησοῦ
702 2868 828 2937 Xpsoedr.
855 2869 959 2934 ποίημα
975 2864 1101 2915 Ἰωάννου
1119 2862 1245 2932 μοναχού
1263 2860 1290 2915 τύ
1311 2865 1417 2927 ἐπίκλην
1435 2865 1632 2933 Μαυρύπούος,
1662 2855 1693 2917 ba
1717 2862 1745 2917 ui
1775 2865 1865 2936 ὄνομα
1881 2868 1949 2920 ἐντέ-

351 2973 442 3008 eunreu
460 2956 553 3028 ἑκάστῃ
572 2955 663 3029 turdep
683 2956 748 3030 ᾠύῇ.
777 2953 880 3009 Karoir
903 2953 1019 3021 πρῶτος,
1046 2942 1077 3003 ού
1103 2949 1287 3021 ἢάκροσιιχὶς
1306 2949 1378 3017 iiuerp.
1407 2951 1577 3023 Ἀπύρχομαί
1601 2972 1643 3007 aas
1665 2953 1716 3006 τῶν
1734 2956 1820 3023 ἐμῶν,
1849 2956 1945 3027 taine,

351 3046 443 3116 λόγων
461 3044 476 3096 ὅ
495 3046 574 3103 πύλας
591 3045 726 3112 Ἰωάννης.
753 3043 815 3109 ’Sidi
839 3047 867 3098 ά.
893 3040 976 3100 “Anae
994 3040 1008 3092 i
1028 3042 1154 3092 nectitur
1173 3043 1199 3099 tc
1217 3040 1278 3110 epi,
1306 3042 1403 3109 Xpeare'
1421 3045 1540 3112 προέφης
1558 3041 1572 3107 ἦ
1592 3043 1770 3108 israelitem
1795 3048 1848 3100 eto.

353 3131 435 3201 luel
454 3136 461 3205 1
536 3134 669 3199 Secundo,
688 3134 850 3203 etquidem
869 3150 886 3186 s.
905 3132 1002 3196 fol.77.
1020 3146 1084 3199 pag.
1095 3149 1117 3183 2.
1137 3146 1225 3196 usque
1244 3129 1280 3182 ud
1300 3130 1348 3183 iol.
1361 3135 1398 3197 83.
1419 3148 1483 3201 pag.
1496 3152 1517 3185 1.
1537 3133 1592 3184 aba
1612 3133 1665 3184 duo
1683 3132 1796 3186 Cantica
1814 3134 1852 3186 ad
1873 3133 1949 3186 Cbri·

352 3229 422 3276 stum
442 3225 612 3276 Seruatorem
631 3226 687 3276 sine
706 3221 890 3276 Aorostiobide
910 3226 934 3272 st
952 3218 1058 3270 nomine
1072 3218 1198 3280 Autaris3
1221 3233 1340 3284 quorum
1355 3219 1477 3288 primurn
1497 3220 1661 3274 inscribitur
1678 3224 1765 3289 utque
1784 3222 1888 3291 incipit
1904 3221 1949 3276 hie

352 3312 462 3366 verbis:
498 3309 601 3364 Karoia
623 3314 660 3372 ier
684 3307 731 3365 τὸν
752 3311 856 3380 Κύριον
882 3307 959 3377 ἡμῶν
980 3306 1078 3371 Ἰησοῦν
1096 3302 1214 3374 Χριστὸν
1241 3305 1436 3374 παρακλητικύς
1460 3306 1519 3377 ἅμα
1544 3310 1590 3361 rai
1613 3313 1806 3370 amanuensis.
1834 3309 1899 3376 Ὡύῆ
1921 3312 1950 3368 d.

348 3397 446 3470 'Capsu
464 3404 488 3451 ei
506 3401 625 3463 alateo,
652 3403 705 3455 etc.
735 3399 881 3453 secundum
900 3398 995 3452 autem
1014 3395 1067 3449 hoc
1086 3393 1182 3448 modo:
1207 3392 1364 3447 'Auoloobin
1382 3395 1420 3457 isc
1436 3393 1483 3448 eir
1501 3399 1605 3466 Κύριον
1623 3398 1700 3470 ἡμῶν
1712 3398 1813 3465 Ἰησοῦν
1831 3398 1950 3472 Χριστὸν

426 3565 440 3597 2
460 3544 560 3597 Malim
579 3545 781 3600 Euchaitorum
800 3563 817 3597 a
837 3543 999 3596 nonsinatioa
1014 3542 1123 3610 plurali
1139 3541 1260 3594 neutrius
1277 3543 1382 3609 poneris
1400 3538 1430 3594 eir
1445 3541 1578 3613 Ἑυχάΐτα.
1624 3547 1689 3600 Vide
1709 3548 1820 3618 Niceph
1839 3549 1948 3606 (bulliat.

354 3616 427 3670 Hisl.
446 3617 550 3669 Eccles.
573 3616 619 3669 lib.
633 3635 657 3680 7.
678 3635 789 3685 cap.44.
811 3615 955 3668 etlib.16.
976 3631 1035 3682 cap.
1051 3618 1089 3665 26.
1109 3613 1172 3664 item
1191 3613 1240 3665 Ins
1261 3614 1539 3668 Graeco-Romanum
1563 3617 1638 3670 Toni.
1653 3619 1679 3670 Ι.
1698 3638 1762 3690 paq.
1778 3626 1817 3676 88.

425 3687 474 3756 (A)
492 3703 609 3739 saeuisse
622 3704 769 3740 neruosus
783 3688 935 3740 Monachus
953 3689 1031 3754 abque
1044 3684 1107 3735 inde
1117 3683 1292 3753 Metropolita
1302 3685 1499 3748 Euchaiteneis,
1518 3707 1563 3740 seu
1574 3689 1733 3743 Eucbaniae
1751 3692 1825 3745 urbis
1843 3693 1871 3744 in
1880 3693 1949 3745 Asia

355 3760 462 3820 minori,
480 3759 640 3828 percelebris
658 3765 697 3811 est
715 3760 787 3812 inter
801 3759 924 3811 Malodes
945 3758 1076 3817 Graecos,
1098 3760 1177 3824 atque
1196 3757 1224 3807 in
1240 3756 1431 3810 Ecclesiasticis
1448 3761 1612 3811 Graecorum
1631 3762 1705 3814 libris
1722 3764 1826 3832 inqsnii
1841 3767 1899 3832 ejus
1918 3782 1949 3817 oc

350 3831 458 3900 pietatis
477 3837 646 3883 monumenta
666 3836 821 3882 occurrunt.
861 3831 954 3897 Hujus
972 3843 1099 3896 tonsura,
1131 3828 1218 3896 inquit
1234 3843 1393 3892 resurcrvs,
1414 3829 1624 3898 Epe'prammota
1634 3834 1756 3901 jambioa
1776 3836 1949 3906 carminaque

353 3903 382 3954 in
404 3903 613 3971 praecipuorum
631 3906 770 3972 festorum
792 3902 906 3954 Patram
928 3899 1053 3968 pictas⁸¹⁰
1081 3899 1108 3949 in
1135 3899 1230 3951 tabulis
1253 3899 1381 3968 imagines
1399 3909 1423 3954 et
1442 3903 1580 3966 historias,
1609 3921 1640 3956 ae
1665 3905 1696 3956 de
1723 3907 1785 3959 aliis
1821 3908 1829 3977 1
1851 3907 1912 3976 ib!

354 3973 426 4026 uarii
441 3976 547 4042 penoris
569 3973 735 4040 arpnmentis
756 3974 920 4042 prodierant
938 3971 1023 4032 brevi,
1048 3969 1212 4039 popinarum
1231 3989 1269 4036 73.
1288 3972 1376 4024 libello
1398 3990 1493 4041 praece
1519 3992 1584 4026 mera
1608 3991 1751 4027 uernam
1768 3994 1851 4030 svarr
1878 3979 1949 4031 Eto-

355 4047 456 4110 nensis,
482 4047 529 4114 qui
545 4048 692 4098 versionem
712 4047 815 4097 nullam
833 4045 953 4106 addidit,
978 4043 1025 4094 sed
1037 4058 1158 4110 paucos,
1181 4059 1229 4092 nec
1247 4042 1369 4095 indoctas
1387 4051 1464 4096 notas
1483 4046 1520 4096 ad
1537 4047 1634 4098 calcem
1652 4049 1793 4101 uoluminis
1812 4050 1949 4117 adjunxit.

356 4117 461 4168 Etonae
482 4121 549 4168 1610.
568 4136 591 4180 4.
611 4117 704 4170 iisdem
725 4118 805 4184 typis,
826 4115 921 4185 quibus
941 4129 1039 4166 sevum
1058 4128 1270 4164 cnussosrouvs
1296 4115 1343 4166 sub
1368 4116 1437 4168 idem
1457 4121 1559 4184 tempus
1587 4118 1682 4170 deinde
1706 4119 1771 4186 suit
1797 4137 1945 4190 expressus.

360 4188 505 4249 Ordinem,
533 4205 611 4256 quem
638 4191 667 4241 in
690 4188 775 4240 MSto
804 4186 898 4240 Codice
922 4186 1036 4256 reperit,
1063 4184 1172 4236 subinde
1200 4186 1353 4238 immutasse
1377 4205 1403 4238 se
1428 4203 1532 4239 uveuvs
1558 4206 1611 4241 non
1630 4190 1765 4260 dqyiutur,
1788 4208 1949 4261 quamquam

354 4279 414 4311 oum
435 4276 517 4310 uvsur
541 4261 677 4327 conspirat
694 4277 797 4328 quoque
817 4257 1032 4319 Vindobonensis,
1055 4256 1088 4307 de
1106 4274 1157 4324 quo
1170 4272 1321 4309 Lefflclvs
1332 4257 1392 4310 Lib.
1411 4259 1434 4312 V
1442 4277 1508 4329 pop.
1520 4278 1557 4327 29.
1577 4261 1623 4315 cui
1634 4262 1778 4315 Etonensis
1796 4263 1876 4316 editio
1886 4263 1950 4334 suit

356 4334 455 4400 ipnota.
500 4331 566 4384 Vide
585 4347 701 4382 eeamcn
721 4331 795 4384 Bibl.
820 4332 870 4383 Gr.
896 4329 954 4382 Vol.
979 4328 1042 4381 VII
1054 4345 1186 4397 paq.719.

427 4422 442 4454 2
460 4402 528 4454 Fuit
546 4402 569 4453 is
588 4403 651 4455 olim
669 4403 740 4454 inter
764 4403 874 4456 Codices
893 4401 993 4453 MStoe
1017 4400 1184 4467 Tlieolopicos
1207 4400 1325 4451 Graecos
1343 4400 1512 4454 centesimus
1531 4401 1764 4472 quadragesimus
1781 4402 1895 4472 primus.

427 4492 440 4540 3
461 4473 505 4525 De
529 4474 608 4538 tuine
626 4473 743 4528 Joennis
762 4471 942 4542 Mauropodie
966 4476 1060 4534 neure,
1090 4471 1145 4522 sita
1169 4475 1194 4522 cl
1219 4471 1325 4540 comptis
1348 4471 1407 4523 uida
1429 4474 1511 4540 plura
1535 4490 1618 4541 supra
1643 4492 1659 4525 a
1674 4492 1739 4544 paq.
1755 4479 1793 4527 66.
1813 4491 1894 4544 usque
1912 4475 1950 4528 ad

372 4564 388 4598 a
408 4581 415 4597 .
462 4583 468 4595 .
488 4545 554 4597 Not.
568 4550 603 4596 A.

349 4563 406 4614 Μ
425 4563 504 4680 47³De
521 4615 717 4687 siqnificatione
736 4614 815 4684 liujus
833 4611 1004 4681 capnominie,
1025 4610 1083 4662 aide
1097 4610 1182 4677 plura
1200 4610 1260 4664 Lib.
1276 4632 1297 4665 ι.
1316 4613 1412 4665 borum
1433 4615 1695 4667 Commentariorum
1708 4632 1774 4685 pap.
1786 4633 1840 4680 272.

427 4706 439 4754 5
462 4687 506 4738 Ita
532 4689 580 4739 boc
604 4704 700 4738 nomen
724 4686 906 4746 scribendum,
938 4700 1030 4750 nempe
1055 4681 1272 4748 Euchaitorum,
1299 4702 1353 4737 non
1371 4690 1476 4748 autem,
1504 4690 1534 4737 ut
1557 4687 1635 4755 culpo
1651 4689 1707 4757 fit,
1737 4685 1949 4742 Euchaitarum.

357 4760 418 4818 Qua
437 4759 469 4810 de
487 4776 516 4809 re
535 4759 594 4810 aide
613 4760 698 4826 pluro
722 4775 806 4828 supra
823 4775 888 4827 paq.
904 4775 941 4822 73.
967 4755 996 4806 in
1021 4753 1150 4818 marpine.
1192 4752 1323 4808 Similiter
1350 4757 1430 4809 etiam
1450 4756 1512 4810 Lib.
1528 4777 1550 4811 r.
1575 4759 1670 4812 borum
1692 4757 1950 4812 Commentariorum

348 4848 414 4899 paq.
428 4848 480 4894 272.
497 4847 550 4898 pro
569 4829 771 4884 Euchaitarum
790 4828 929 4898 lsqendnm
951 4831 989 4878 est
1006 4823 1216 4878 Euchaitorum.
