4560 6172
1887 492 1956 559 219

460 657 588 726 Ipsorum
607 661 703 712 autem
723 657 882 710 Ροὲαιαίιιιπ
901 656 1095 727 Ιποοιίμλίοποε
1114 665 1141 712 ολ
1154 659 1292 728 principia
1311 660 1376 713 sunt
1396 659 1479 714 haec:
1506 659 1527 712 1.
1543 655 1595 717 Ἐις
1614 661 1730 721 πίνακας
1748 661 1883 731 μεγάλους
1900 663 1957 716 τοῖν

350 744 452 814 έορττῦν
471 744 506 806 οῖς
525 748 553 798 έν
571 746 643 816 τόπῳ
663 747 826 813 έκφράσεως.
855 746 911 804 ’λίις
927 743 972 809 τὴν
996 745 1080 816 ἁγίαν
1103 747 1148 800 τοῦ
1167 742 1283 815 Χριστοῦ
1306 737 1480 815 γέννησινῄἣ
1509 747 1540 798 Τί
1562 747 1652 812 τοῦτο,·
1675 748 1734 816 φῶς
1758 751 1891 819 ἤστραψεν
1916 750 1955 812 ὦς

352 836 381 897 l}
392 834 511 902 άιθέρος,
529 837 582 889 etc.
619 835 654 888 II.
670 833 730 894 Ἐις
747 825 796 899 τὴν
809 834 893 905 άγίαν
910 836 955 888 τοῦ
965 836 1080 904 Χριστοῦ
1098 825 1273 902 βάπτησινήθ.
1287 834 1363 905 Ἀνὴρ
1380 836 1501 907 κομὴτης,
1521 833 1628 907 αὐχμῦν
1646 837 1746 906 ἄγριον
1763 840 1877 906 τρέφων,
1897 839 1951 894 σία.

356 924 406 979 III.
420 921 474 981 Ἐις
491 922 536 987 τὴν
554 922 637 992 άγίαν
655 923 699 975 τοῦ
718 923 835 991 Χριστοῦ
852 923 1074 993 μεταμόρφωσιν.
1097 927 1215 993 Φρίξον,
1235 922 1332 992 όράτα,
1351 925 1396 989 τὴν
1418 922 1556 993 ὁρωμένην
1574 925 1652 987 θέαν,
1680 927 1734 980 etc.
1771 926 1819 981 IV.
1835 925 1890 986 Ἐις
1906 926 1951 992 τὴν

353 1014 462 1082 έγερσιν
480 1011 526 1064 τοῦ
543 1010 623 1082 άγέου
643 1012 777 1079 Λαζάρου.
801 1010 828 1065 ‘0
848 1011 889 1075 τὴς
908 1014 1014 1081 γραφὴς
1032 1015 1110 1073 νοός,
1136 1011 1194 1065 ἀλλ’
1214 1013 1294 1066 άκουε
1313 1013 1359 1065 καί
1377 1014 1468 1080 βλέπε,
1493 1015 1547 1066 etc.
1584 1011 1617 1065 V.
1633 1010 1686 1066 Ἐις
1703 1013 1733 1064 τὰ
1752 1014 1827 1081 βάια.
1848 1015 1951 1086 Ἀνοιγε

356 1101 402 1161 τὰς
420 1099 478 1164 σάς,
498 1094 519 1153 τῦ
538 1100 605 1153 θεοῦ
622 1102 708 1167 πόλις,
727 1101 814 1158 πόλας
832 1101 887 1154 eto.
924 1100 971 1154 VI.
988 1098 1040 1159 ’Πις
1051 1100 1095 1163 τὴν
1107 1099 1245 1169 άγίαντοῦ
1257 1101 1372 1169 Χριστοῦ
1391 1100 1547 1169 στάυρωσιν.
1568 1098 1625 1161 Νῦξ
1638 1101 1724 1164 ταῦτα,
1744 1102 1789 1154 καί
1806 1102 1862 1172 γάρ
1875 1101 1950 1168 ὴλιον

356 1191 464 1259 κρῦπτει
488 1191 587 1249 σκότος.
626 1188 687 1243 VII.
708 1185 761 1247 Ἐις
786 1184 830 1251 τὴν
848 1188 977 1240 Θεοτόκον
994 1188 1172 1257 δακρύουσαν.
1193 1185 1227 1240 Ὦ
1251 1190 1294 1242 τοῦ
1317 1189 1423 1250 πάθους
1440 1191 1587 1253 Δέσποινα,
1612 1188 1659 1241 καί
1677 1188 1707 1241 σῦ
1726 1189 1866 1258 δακρόειςς
1895 1196 1949 1247 etc.

358 1277 433 1331 VIII.
444 1273 554 1345 ’Ἐτερυι
577 1275 637 1328 Τῶν
653 1273 776 1346 ματάιων
794 1274 841 1326 καί
858 1273 942 1326 κενοῦν
961 1277 1142 1346 φρονημάτων
1160 1279 1213 1331 etc.
1251 1278 1298 1331 IX.
1317 1276 1367 1335 ’Βις
1386 1277 1430 1344 τὴν
1447 1277 1537 1331 εἰκόνα
1555 1278 1606 1329 τοῖν
1621 1277 1702 1344 τριῶν
1720 1276 1816 1348 άγίων,
1836 1276 1867 1344 ὴν
1885 1280 1951 1332 έδω-

356 1455 403 1508 καί
421 1454 465 1506 τοῦ
486 1455 669 1524 Πατριάρχου.
691 1451 729 1506 ’οι
747 1453 933 1521 προκριθέντες
950 1453 979 1524 τῇ
998 1453 1069 1523 σοφῇ
1088 1453 1155 1506 Θεοῦ
1173 1457 1266 1521 κρίσει,
1285 1456 1338 1509 etc.
1377 1455 1424 1508 XI.
1446 1453 1498 1514 Ἐις
1515 1455 1559 1506 τίν
1578 1455 1717 1523 προφήτην
1734 1457 1840 1520 Δανιὴλ.
1866 1457 1951 1525 Θὴρες

357 1546 455 1602 λέοντες
473 1536 539 1606 ἦσαν
555 1544 651 1612 έχθροί
667 1558 709 1593 σοι
721 1541 814 1602 πάλαι,
833 1542 887 1595 eto.
925 1541 985 1593 XII.
998 1539 1078 1609 ’Υπέρ
1090 1541 1183 1593 ἑαυτοῦ
1193 1541 1397 1611 πρόςΧριστόν.
1415 1543 1502 1606 Πολλὴ
1511 1542 1594 1613 χάρις
1605 1557 1648 1595 σοι
1662 1542 1713 1595 τῶν
1786 1542 1793 1611 Ι
1812 1546 1850 1600 68
1869 1546 1876 1615 Ι

356 1635 454 1703 λόγων,
474 1631 544 1686 Θεοῦ
562 1633 632 1699 Αόγε
651 1633 704 1685 otc.
742 1630 816 1683 XIII.
830 1627 917 1682 Ἀλλοι
939 1629 1001 1698 περί
1018 1630 1110 1682 έαυτοῦ
1130 1632 1198 1699 πρὸς
1216 1631 1260 1684 τῦν
1278 1632 1402 1700 Χριστόν.
1422 1632 1509 1696 Πολλὴ
1524 1633 1607 1703 χάρις
1625 1651 1667 1684 σοι
1684 1632 1735 1684 τῶν
1752 1633 1852 1700 λόγων,
1880 1633 1951 1686 Θεοῦ

358 1721 430 1792 Λόγτ
449 1725 502 1777 etc.
540 1720 614 1775 XIV.
637 1717 786 1790 ’Λμυιβαῖοι
803 1721 840 1778 έις
857 1717 901 1770 τόν
920 1717 1071 1788 ἀσώματον.
1098 1722 1143 1778 Τίς
1160 1718 1204 1784 τὴν
1223 1720 1353 1789 άμορφον
1372 1723 1542 1790 έξεμόρφωσε
1561 1719 1659 1789 φόσιν,·
1685 1725 1738 1777 eto.
1776 1722 1835 1775 XV.
1846 1719 1950 1791 Ἕτερον

355 1815 393 1872 έις
410 1811 455 1864 τόν
474 1809 561 1862 άυτόν.
579 1809 696 1879 Ἒχουσα
721 1807 826 1877 θερμόν
850 1808 996 1876 προστάτην
1021 1807 1136 1860 ἐνταῦθα
1160 1824 1187 1862 σε
1214 1813 1268 1864 etc.
1306 1810 1378 1864 XVI.
1402 1809 1455 1870 Ἐις
1478 1810 1522 1875 τὴν
1545 1812 1633 1875 δέησιν
1651 1808 1703 1862 ῦπὸ
1722 1812 1781 1871 τοῦς
1799 1811 1886 1871 πόδας
1903 1809 1948 1863 τοῦ

357 1900 472 1971 Χριστοῦ
490 1901 613 1968 κειμένου
625 1898 670 1950 τοῦ
681 1899 827 1957 Βασιλέως·
849 1896 884 1956 ιός
899 1899 926 1948 λκ
937 1896 981 1948 τοῦ
995 1897 1138 1954 Βασιλέως.
1157 1897 1196 1948 Σῦ
1216 1897 1344 1963 δεσπότην
1364 1917 1398 1967 με
1410 1898 1461 1950 τῶν
1478 1899 1587 1952 σεαυτοῦ
1600 1898 1748 1969 κτισμάτων
1766 1901 1821 1953 etc.
1858 1899 1946 1955 XVII.

350 1987 400 2049 Ὡς
419 1991 447 2041 έκ
464 1991 506 2052 τῆς
524 1987 657 2040 θεοτόκου.
677 1985 761 2052 Μὴτερ
781 2001 808 2036 σε
825 1986 915 2037 τέκνον
934 1985 1037 2036 ῖκετέυει
1055 1985 1192 2051 παρθένος
1210 1987 1262 2038 etc.
1300 1986 1401 2040 XVIII.
1417 1985 1464 2047 Ὡς
1483 1990 1511 2040 έκ
1528 1988 1573 2041 τοῦ
1593 1989 1775 2056 Προδρόμου·
1789 1987 1948 2055 ’Ἀνθρωπος

356 2071 389 2143 ὴν
405 2079 578 2146 έυσπλαγχνε,
600 2074 764 2143 συγγνώμην
783 2075 824 2143 έχε
843 2076 897 2127 etc.
933 2072 1006 2126 XIX.
1027 2071 1074 2129 Ὡς
1094 2074 1122 2122 lx
1146 2073 1192 2124 τοῦ
1210 2074 1335 2141 Χριστοῦ.
1355 2074 1445 2134 Ἀιδιός
1463 2095 1487 2129 τε
1505 2077 1602 2146 μητρῦς
1620 2077 1666 2128 καί
1684 2075 1846 2143 παράκλησις
1864 2078 1945 2143 φίλου

358 2171 412 2223 otc.
451 2166 510 2220 XX.
531 2164 616 2217 Ἀλλοι
640 2165 676 2222 έις
700 2162 744 2214 τίν
771 2161 880 2229 Σωτὴρα
904 2160 941 2218 ολς
963 2162 990 2211 έκ
1017 2162 1060 2211 τοῦ
1083 2163 1223 2219 Βασιλέως.
1254 2163 1314 2214 Τιῦν
1339 2163 1458 2217 άστάτων
1481 2167 1533 2235 μέν
1558 2166 1636 2218 οὐδέν
1663 2166 1792 2229 αίτὴσαντί
1815 2184 1865 2233 μοι
1891 2167 1945 2218 etc.

360 2257 433 2311 XXI.
449 2254 502 2314 Ἑις
521 2254 642 2312 Βασιλεῖς
660 2251 854 2319 στεφανοῦντας
866 2246 917 2301 ῦπὸ
931 2249 1061 2316 Χριστοῦ·
1079 2257 1123 2312 Μη
1134 2249 1195 2317 χείρ
1208 2249 1319 2316 κραταιά
1331 2251 1390 2310 τοῦς
1401 2254 1544 2319 κραταιοῦς
1556 2251 1683 2311 δεσπότας
1700 2256 1753 2305 ete.
1791 2251 1878 2304 XXII.
1893 2249 1946 2309 Ἐις

354 2346 400 2399 τόν
418 2344 462 2397 τοῦ
480 2344 612 2401 Βασιλέως
631 2342 715 2408 τάφον
735 2335 894 2407 έπιτόμβισι.
910 2338 991 2404 ὀναρ
1009 2335 1040 2387 τά
1059 2337 1139 2412 θνητά
1160 2338 1246 2389 πάντα
1264 2338 1310 2389 καί
1326 2331 1513 2406 μαθαιότης8ἰο
1531 2345 1586 2395 eto.
1623 2340 1724 2394 XXIII.
1742 2336 1844 2407 ’Ἑτεροι
1863 2338 1899 2400 τίς
1918 2343 1946 2394 ίκ

356 2434 402 2488 τοῦ
420 2433 563 2492 Βασιλέως.
576 2431 646 2483 Ἔδει
663 2448 714 2498 με,
734 2428 844 2496 Χριστέ,
860 2426 926 2496 μηδέ
945 2424 1003 2492 φῶς
1022 2426 1089 2478 ίδεῖν
1105 2428 1167 2492 βίου
1187 2429 1240 2479 etc.
1276 2427 1376 2482 XXIV.
1396 2427 1504 2497 Ἕτεροι.
1528 2428 1617 2498 ὀιμοι
1634 2428 1661 2481 τό
1680 2429 1773 2496 κέρδος
1791 2426 1834 2480 τοῦ
1852 2430 1943 2480 ταλαι-

359 2524 453 2592 πώρου
470 2524 531 2589 βίου
551 2522 604 2576 etc.
642 2519 728 2572 XXV.
741 2516 855 2585 Ἐτεροι.
876 2516 913 2567 Σῦ
933 2513 1059 2573 Βασιλεὺς
1077 2512 1168 2579 ῦψιστε
1187 2515 1233 2567 καί
1250 2515 1282 2567 ’σῦ
1294 2513 1420 2580 Δεσπότης
1438 2520 1491 2571 etc.
1528 2516 1628 2571 XXVI.
1641 2516 1735 2573 Ἄλλοι.
1753 2516 1842 2584 Δαβίδ
1854 2519 1944 2585 μελω-

355 2611 414 2665 διῦν
430 2607 520 2677 έυσεβὴ
539 2610 626 2678 νόμον
644 2608 761 2676 γράφει;
800 2605 911 2659 XXVII.
941 2605 995 2663 Ἐις
1013 2605 1195 2671 χρυσόβσυλον
1213 2603 1254 2667 τὴς
1270 2605 1380 2672 λάυρας.
1411 2610 1530 2674 Χρυσοῖς
1547 2607 1685 2674 γραφῆναι
1704 2607 1874 2676 γραμμάτων
1892 2606 1945 2659 ἔδει

353 2702 446 2760 τόποις
464 2701 517 2754 eto.
555 2696 683 2750 XXVIII.
705 2693 762 2753 ’Βις
780 2694 824 2758 τὴν
842 2693 935 2745 ἑαυτοῦ
954 2693 1054 2756 όικίαν,
1080 2690 1120 2746 ὅτε
1143 2694 1296 2761 διαπράσας
1313 2695 1405 2758 τάυτην
1424 2694 1559 2747 άπέλιπεν.
1586 2694 1630 2759 Μὴ
1653 2696 1810 2764 δυσγεράινε
1828 2711 1860 2746 συ
1878 2693 1945 2761 πρὸς

354 2789 427 2861 ἡμᾶς
447 2788 516 2840 όικία
536 2789 590 2842 eIc.
627 2784 728 2838 XXIX.
748 2780 802 2835 (Ότι
819 2783 862 2845 τὴν
881 2781 968 2833 όικίαν
986 2783 1134 2851 μετέλαβεν.
1157 2781 1231 2851 ’λέγω
1249 2783 1331 2834 πάλιν
1349 2798 1376 2835 σε
1395 2783 1441 2835 καί
1458 2784 1545 2851 βλέπω
1563 2784 1607 2847 τὴν
1625 2783 1748 2851 φιλτάτην
1766 2785 1819 2837 etc.
1857 2782 1944 2836 XXX.

353 2879 411 2935 Ἐις
428 2875 487 2935 τοῦς
502 2873 598 2943 ἁγίους
616 2874 736 2939 Πατέρας
754 2871 950 2940 λστορημένους,
975 2872 1004 2921 έν
1030 2872 1071 2928 οίς
1094 2864 1125 2933 ὴν
1144 2870 1190 2921 καί
1208 2870 1383 2938 Θεοδιόρητος.
1414 2872 1544 2941 Ἀνιστορὴ
1638 2872 1730 2942 1691
1820 2887 1869 2931 σας
1886 2871 1946 2931 τοῦς

354 2965 457 3037 σαφοῦς
475 2961 651 3018 διδασκάλους
669 2964 723 3014 eto.
761 2959 860 3012 XXXI.
875 2955 932 3014 ’aas
950 2957 976 3008 τῦ
995 2957 1102 3009 τυπικῦν
1115 2959 1155 3021 τὴς
1170 2957 1280 3024 λαύρας.
1298 2958 1410 3012 Δέδοικα
1421 2960 1516 3028 μὴπως
1529 2949 1683 3017 δεσπίσαςὸλέ
1703 2958 1792 3016 ἄλλοις
1809 2957 1870 3010 τάδε
1889 2961 1942 3012 etc.

357 3054 472 3110 XXXII.
490 3051 543 3111 Ἐις
563 3050 607 3102 τόν
625 3047 803 3119 διαῤῥὴξαντα
821 3045 848 3097 τό
866 3045 965 3097 όικεῖον
978 3047 1176 3115 χειρόγραφον.
1205 3046 1257 3111 Τὴν
1274 3048 1411 3116 πάρδαλιν
1425 3048 1476 3114 μέν
1495 3036 1678 3119 δυσεμενυῖςλῑέ
1697 3048 1766 3116 ἔχειν
1781 3044 1870 3114 λόγος,
1890 3047 1944 3100 etc.

353 3142 481 3200 XXXIII.
497 3138 548 3201 ’Πις
561 3138 587 3190 τό
601 3136 662 3189 άυτὸ
672 3138 862 3207 χειρόγραφον
873 3124 1073 3203 συγκοληθέν9ῑθ
1085 3134 1173 3185 πάλιν.
1187 3136 1328 3188 Πιστευέτω
1339 3133 1392 3194 πᾶς
1403 3134 1431 3208 τῇ
1442 3136 1544 3205 νεκρῶν
1555 3132 1705 3197 ἀναστάσει,
1725 3137 1778 3189 etc.
1815 3135 1941 3190 XXXIV.

349 3232 406 3293 Ἐις
425 3230 470 3290 τάς
490 3229 644 3298 ἐγγράφους
663 3228 801 3293 λοιδορίας
818 3225 864 3286 τὰς
881 3224 946 3276 κατά
964 3224 1009 3275 τοῦ
1028 3225 1161 3281 Βασιλέως
1178 3223 1224 3275 καί
1241 3224 1285 3276 τοῦ
1298 3225 1478 3294 Πατριάρχου.
1491 3224 1630 3292 Ἄνθρωπε
1649 3223 1742 3293 ῥίψαν,
1760 3222 1777 3274 ά
1798 3227 1901 3292 κρατεῖς
1918 3241 1942 3275 τι

353 3323 400 3375 καί
417 3323 528 3389 βλέπεις,
548 3321 601 3373 etc.
638 3315 751 3370 XXXV.
764 3312 821 3367 Ὅτε
838 3311 943 3381 προῖτον
961 3312 1112 3379 ἐγνωρίσθη
1130 3314 1183 3370 τοῖς
1196 3312 1343 3366 Βασιλεῦσι.
1364 3312 1455 3364 Πάλαι
1472 3312 1523 3381 μέν
1541 3306 1573 3376 ὴν
1589 3331 1638 3382 μοι
1656 3313 1772 3363 Δέσποτα
1794 3312 1943 3380 στεφηφόρε

352 3414 407 3467 ete.
452 3407 577 3467 XXXVI.
599 3406 652 3464 Ἐις
670 3406 817 3471 στάυρωσιν
831 3401 943 3473 χρυσὴν.
964 3399 1109 3470 Κόνταῦθα
1125 3401 1238 3469 Χριστὸς
1255 3401 1323 3453 ἐστίν
1342 3400 1434 3453 ῦπνοῖν
1452 3403 1480 3452 έν
1498 3402 1579 3470 ξόλῳ,
1606 3402 1659 3455 ebe.
1703 3401 1842 3455 XXXVII.
1869 3401 1943 3469 Πρὸς

352 3499 397 3551 τὸν
421 3498 616 3566 ίπιλαβόμενον
637 3495 682 3546 τοῦ
705 3495 820 3562 ίάμβου,
843 3490 880 3549 ὥς
904 3490 944 3552 τὴς
966 3490 1119 3556 προθέσεως
1142 3486 1173 3541 οῦ
1198 3489 1285 3548 καλῶς
1309 3493 1507 3561 προσκειμένης.
1535 3489 1573 3542 ’Eo
1591 3493 1707 3558 Χριστόν
1730 3493 1841 3560 ἐχθροῖς
1859 3491 1941 3542 ὤνιον

352 3587 513 3659 μιαιφόνοις
532 3587 586 3640 σόα.
624 3581 777 3636 XXXVIII.
799 3578 873 3647 Πρός
892 3577 950 3635 τοῦς
968 3577 1089 3644 άκάιρως
1107 3579 1274 3647 στιχίζοντας.
1294 3579 1410 3647 Ἀριστον
1429 3578 1498 3630 εἰναι
1516 3579 1571 3631 πᾶν
1588 3580 1686 3649 μέτρον
1704 3580 1815 3647 προεῖπέ
1832 3595 1868 3636 τις
1885 3581 1940 3634 θέο.

355 3675 481 3731 XXXIX.
496 3671 662 3740 Ἐπιτόμβιοι
679 3673 717 3730 έις
734 3669 778 3721 τόν
797 3671 877 3736 φίλον
890 3666 996 3738 Μιχαὴλ
1014 3666 1058 3719 τίν
1070 3668 1211 3720 Διάκονον.
1225 3667 1257 3720 ‘11
1267 3669 1308 3732 τὴς
1318 3670 1441 3739 μεγίστης
1450 3665 1542 3732 ὴδότης
1554 3669 1689 3731 ἐκκλησίας
1707 3669 1760 3721 etc.
1797 3667 1853 3721 XL.
1871 3664 1941 3720 Ἐπι-

349 3766 457 3835 τόμβιοι
475 3766 512 3824 έις
529 3762 573 3815 τόν
592 3755 826 3828 πρωτέυοντα.“Εν
845 3751 876 3820 ὴν
893 3756 919 3809 τὸ
935 3756 1054 3826 κοσμοῦν
1072 3755 1115 3807 τόν
1134 3757 1304 3826 ταλάιπωρυν
1321 3760 1382 3825 βίον
1400 3759 1453 3811 etc.
1491 3756 1560 3809 XLI.
1574 3752 1741 3826 Ἐπιτόμβιοι
1758 3760 1795 3816 έις
1812 3757 1857 3809 τὸν
1871 3776 1940 3828 χαρ-

351 3853 497 3922 τσφόλακα.
519 3853 641 3909 Πένθους
655 3848 668 3901 ῦ
680 3846 782 3916 καιρὸς,
801 3844 980 3917 συμφορᾶςτῦ
987 3835 1142 3914 χωρίωνὼ,
1156 3848 1208 3900 ete.
1226 3846 1310 3900 XLII.
1325 3844 1378 3905 Ἐις
1389 3844 1433 3897 τὸν
1443 3845 1587 3915 βεστάρχην
1603 3844 1771 3913 Ἀνδρόνικον
1783 3847 1941 3915 λπιτόμβιοι.

345 3943 464 3999 ’Βκεῖνος
483 3930 557 3996 οὗτος
577 3936 670 4006 όχθίς
689 3938 717 3989 έν
735 3938 785 4003 βίῳ
802 3935 890 4003 μέγας
909 3934 963 3986 etc.
999 3931 1096 3985 XLIII.
1115 3929 1219 3999 Ἕτεροι
1239 3935 1275 3992 έις
1293 3933 1337 3985 τόν
1356 3933 1446 3989 άυτόν.
1469 3933 1508 3986 ’Eo
1532 3934 1578 3985 καί
1602 3933 1683 4001 σοφοί
1702 3932 1879 3998 θνὴσκουσιν,
1904 3940 1941 3995 τίς

350 4033 440 4101 λόγων
459 4029 554 4097 λόγος;
574 4028 627 4081 eto.
665 4024 761 4079 XLIV.
782 4020 835 4081 Ἐις
852 4022 896 4074 τόν
915 4022 1008 4075 έαυτοῦ
1025 4023 1122 4091 τάφον.
1146 4024 1272 4093 Θαόμαζε
1289 4025 1382 4089 μηδέν,
1411 4021 1477 4075 άλλά
1497 4026 1592 4092 φρίσστ
1610 4022 1653 4087 τὴν
1670 4024 1747 4086 θέαν,
1764 4024 1819 4077 etc.
1856 4023 1938 4080 XLV.

341 4119 453 4188 Ἒτιρσι.
472 4121 548 4181 Ζωὴς
566 4111 692 4167 άπελθαίν
711 4113 818 4180 φάσμα,
837 4108 883 4161 καί
897 4109 965 4180 χθές
983 4109 1069 4180 ὴμέρα
1088 4113 1141 4166 eIc.
1179 4112 1275 4167 XLVI.
1292 4110 1344 4169 Ἐις
1360 4113 1551 4181 πολυάνδριον.
1566 4113 1686 4182 ’Ἀστοργε
1696 4112 1784 4184 μῆτερ,
1803 4109 1825 4166 ὦ
1843 4115 1941 4182 πικρᾶς

347 4206 535 4276 α’σπλαγχνίας
555 4206 607 4258 etc.
645 4201 756 4256 XLVII.
783 4198 959 4273 Ἐπίγραμμα
984 4206 1020 4262 έις
1119 4203 1126 4274 Ι
1146 4204 1208 4273 λθΙ
1304 4204 1348 4256 τόν
1367 4206 1497 4258 Πλάτωνα
1516 4205 1562 4258 καί
1580 4207 1623 4258 τὸν
1642 4208 1824 4277 Πλούταρχον.
1848 4206 1939 4275 Ἴῑιπέρ

347 4316 421 4357 τινας
438 4294 547 4363 βοόλοιο
564 4292 616 4344 τιῦν
635 4289 780 4359 ἀλλοτρίων
799 4291 852 4344 etc.
889 4290 1015 4346 XLVIII.
1034 4292 1088 4352 Ἐις
1110 4294 1154 4359 τὴν
1178 4294 1360 4364 καθημερινὴν
1382 4297 1549 4365 λειτουργίαν
1571 4295 1612 4359 τὴς
1636 4293 1717 4363 άγίας
1740 4298 1855 4364 Σοφίας.
1877 4292 1937 4347 Ὀυκ

346 4381 380 4451 ὴν
399 4387 513 4447 δίκαιον,
539 4381 583 4448 τὴν
601 4375 680 4433 σκιάν
698 4380 748 4448 μέν
767 4376 811 4430 τοῦ
830 4379 917 4448 νόμου
936 4383 991 4436 etc.
1027 4382 1122 4435 XLIX.
1146 4381 1201 4440 Ἐις
1218 4383 1278 4441 τοῦς
1303 4381 1396 4452 ἁγίους
1413 4382 1603 4452 Ἀναργόρους.
1621 4381 1688 4436 Ἰδοῦ
1714 4385 1737 4434 τί
1755 4382 1866 4451 τερπνὸν
1884 4384 1938 4438 etc.
1989 4372 1992 4376 Δ

348 4476 379 4530 L.
395 4473 450 4530 Ἐιτ
469 4471 511 4537 τὴν
530 4471 625 4535 κηδίαν
642 4467 688 4521 τοῦ
705 4468 897 4538 Χρυσοστόμου
922 4469 968 4520 καί
990 4467 1033 4533 τὴν
1056 4471 1121 4522 κατὰ
1146 4468 1190 4522 τίν
1216 4468 1334 4539 άδελφόν
1352 4472 1481 4540 λστορίαν.
1513 4469 1566 4522 Τίν
1585 4471 1701 4541 ἄγγελον
1717 4470 1769 4540 μέν
1787 4472 1816 4523 έν
1833 4474 1940 4539 βροτοῖς

346 4562 362 4616 ό
381 4562 524 4630 πρεσβότης
542 4561 596 4615 etc.
634 4559 676 4613 LI.
698 4557 752 4619 Ἐις
768 4556 813 4609 τίν
831 4549 1001 4626 άρχόγγελον
1020 4557 1138 4625 Μιχαὴλ.
1157 4557 1229 4619 Φῶς,
1248 4562 1354 4628 πνεῦμα
1371 4559 1418 4611 καί
1434 4558 1488 4627 πῦρ
1508 4558 1621 4627 ὄιδαμεν
1639 4557 1698 4617 τοῦς
1716 4557 1861 4627 ἀγγέλους,
1883 4559 1938 4613 etc.

347 4650 405 4705 LII.
422 4649 475 4710 Ἐις
492 4648 537 4703 τῦν
556 4647 698 4716 άσπασμόν
716 4635 855 4715 Πετροῦ’ῑ“
872 4645 918 4697 καί
937 4646 1056 4699 Παόλου.
1071 4644 1214 4714 Ἐξιστόρει
1229 4666 1279 4717 μσι
1298 4647 1396 4709 Παῦλε,
1415 4648 1459 4699 τόν
1477 4649 1566 4716 μέγαν
1586 4648 1686 4716 Πέτρον
1705 4649 1758 4702 etc.
1796 4647 1866 4702 LIII.
1887 4645 1939 4705 ’ίίις

344 4737 391 4792 τόν
409 4739 518 4807 Σωτὴρα
537 4737 660 4807 Χριστόν.
689 4736 756 4794 Τοῦς
779 4733 911 4803 οόρανοῦς
933 4736 1025 4804 έχοντα
1043 4736 1159 4787 Δέσποτα
1182 4733 1301 4803 θρόνον,
1328 4739 1382 4792 etc.
1419 4737 1490 4790 LIV.
1510 4734 1563 4794 ’ίίις
1581 4735 1624 4787 τόν
1643 4733 1723 4805 άγιον
1741 4735 1850 4789 Παῦλον
1868 4734 1937 4789 ῦπα·

342 4827 500 4899 γορεόοντα,
520 4825 685 4879 καίΑουκᾶν
703 4826 750 4877 καί
763 4825 898 4895 Τιμόθεον
916 4822 1082 4891 παρεστῶτος
1099 4823 1145 4874 καί
1163 4823 1327 4892 γράφοντας.
1344 4821 1368 4876 ‘0
1387 4823 1469 4885 ζιῦντα
1488 4821 1603 4893 Χριστὸν
1621 4823 1649 4875 έν
1665 4824 1733 4894 μέση
1752 4822 1826 4896 ψυχὴ
1844 4826 1941 4894 φέρων

1572 4923 1649 4995 28I
