4560 6172
343 523 428 590 190
1858 526 1919 589 211

345 694 442 777 όσπερ
465 692 564 774 νόμος
586 691 765 777 α’σκητικός,
796 679 884 767 ὅπως
903 696 963 774 μὲν
984 695 1064 775 πρδς
1084 690 1272 757 εὐπείθειαν
1300 690 1347 779 (τό
1370 691 1499 756 πάντων
1521 692 1556 756 ἐν
1577 693 1696 770 τούτοις
1717 698 1922 782 κυριώτατον)

345 800 416 878 ἔχει,
440 797 528 872 όπως
550 798 585 860 δὲ
608 799 688 877 πρός
709 798 829 870 πόνους
849 801 903 859 καὶ
926 797 1161 872 κακοπάθειαν,
1184 801 1238 859 καί
1259 798 1289 859 εί
1304 820 1331 859 τι
1345 795 1426 860 ἄλλο
1441 797 1586 878 δοκίμιον
1609 798 1794 884 (συνελόντα
1806 802 1921 888 είπετν)

346 905 415 976 τοὺς
435 903 480 975 είς
501 903 556 986 τήν
576 901 716 985 μεγάλην
737 901 848 984 ταύτην
869 901 1069 983 παλαίστραν
1090 900 1332 983 ἀποδυομένους
1360 900 1540 981 νενόμισται
1568 906 1718 984 παρέχειν
1739 914 1803 979 τοῖς
1824 928 1921 988 προε-

344 1011 455 1070 στῶσιν
478 1044 520 1055 -
548 1005 666 1080 ὑκανιῦς
688 1002 749 1067 κάν
769 1005 866 1091 τούτῳ
889 1004 1034 1089 ζητήσας,
1066 1005 1135 1068 ἐπεὶ
1156 1009 1193 1068 τὰ
1216 1007 1322 1068 πάντα
1345 1008 1559 1087 συμβαίνοντα
1580 1010 1617 1094 τή
1640 1013 1834 1098 πνευματικῇ
1857 1032 1919 1072 πο-

346 1109 441 1188 λιτείηι
463 1114 517 1172 τόν
538 1108 698 1186 γεννάδαν
725 1106 810 1190 ὑαίρα
842 1113 896 1171 καί
925 1110 1006 1190 πρὸς
1039 1107 1134 1172 οὑδὲν
1159 1108 1332 1191 άλλοτρίας
1359 1112 1422 1172 τῶν
1451 1108 1558 1172 καλόν
1591 1110 1799 1192 διακείμενον,
1834 1114 1920 1188 τέλος

342 1212 504 1295 άποκείρει
529 1213 695 1297 θαρρήσας
715 1218 769 1275 καί
789 1217 832 1298 τῷ
854 1213 929 1299 ὑερρῦ
951 1213 1117 1298 καταλόγῳ
1139 1217 1194 1277 τόν
1216 1214 1309 1290 ἄξιον
1331 1213 1541 1298 ἐγκαθίστησι.

432 1317 559 1380 ΒΤοῦτο
580 1321 639 1397 μὲν
661 1320 824 1401 Δωροθέῳ
846 1322 908 1383 τόν
928 1318 1050 1400 ἐφετῶν
1078 1319 1112 1380 τό
1141 1322 1266 1400 πρῶτον
1295 1322 1349 1379 καί
1378 1321 1539 1399 μέγιστον·
1573 1319 1653 1380 οῦτοι
1685 1319 1724 1401 δή
1757 1323 1835 1383 κατά
1865 1326 1920 1403 τήν

347 1421 529 1505 ψαλμικήν*
551 1420 684 1508 εήλαφον
697 1422 733 1484 έν
745 1420 832 1504 δίψει
853 1421 996 1504 δραμιόν,
1024 1422 1112 1501 παρά
1136 1425 1171 1508 τή
1194 1425 1277 1510 πηγή
1298 1426 1353 1486 τοῦ
1374 1421 1551 1501 πνεύματος
1572 1422 1666 1509 ταύτη
1688 1425 1724 1485 τό
1745 1447 1775 1486 τε
1841 1425 1920 1490 306¹

344 1526 442 1610 δίψος
458 1529 633 1588 κατέπαυσε
655 1530 707 1586 καὶ
721 1524 776 1587 τὺν
791 1525 902 1587 πόθον
914 1523 1085 1600 άνέπαυσε,
1106 1523 1281 1603 μᾶλλονδὲ
1297 1524 1408 1608 πολλῷ
1422 1524 1520 1587 πλέον
1541 1523 1650 1608 α’νήψε
1672 1532 1725 1589 καὶ
1748 1527 1919 1610 διηρέθισε,

344 1635 420 1709 μετά
443 1631 498 1711 τήν
518 1631 570 1711 τής
590 1627 775 1711 γλυκύτητος
796 1633 901 1705 γεῦσιν
928 1629 1076 1702 ἐπιεικοῦς,
1099 1627 1268 1700 ἐκκαυθεῐς
1296 1630 1376 1708 πρός
1403 1629 1475 1701 τοὺς
1502 1632 1554 1712 τής
1582 1629 1766 1716 γλυκύτητος
1792 1633 1918 1714 ε’ρωτας,

345 1739 399 1796 καί
420 1731 471 1795 άεί
492 1735 525 1796 τό
549 1734 655 1813 παρόν
676 1734 720 1806 είς
741 1732 930 1813 ὑπέκκαυμα
952 1732 1128 1811 λαμβάνων
1149 1737 1203 1794 τοῦ
1226 1731 1393 1806 λείποντος.
1498 1731 1669 1795 7ἐντεῦθεν
1690 1739 1796 1797 τοίνυν
1817 1735 1919 1816 α’ρξό-

344 1859 437 1917 μενος
458 1843 510 1918 τής
531 1836 630 1918 καλής
650 1837 799 1919 ἐργασίας
821 1842 874 1898 καί
896 1842 958 1899 τεόν
982 1834 1075 1917 ίεροίν
1098 1834 1233 1913 άγιόνων
1254 1835 1435 1917 ἁψάμενος,
1458 1847 1553 1899 ποίον
1574 1841 1632 1917 μέν
1654 1837 1739 1910 είδος
1756 1836 1920 1922 α’σκητικής

345 1941 520 2022 παρέλιπεν
546 1939 672 2022 α’ρετής,·
705 1943 763 2002 τίνι
793 1940 828 2003 δὲ
856 1945 911 2003 τοῦ
940 1943 1091 2022 πρωτείου
1121 1945 1181 2001 τῶν
1209 1939 1317 2002 καλοῦν
1344 1941 1584 2024 παρεχάρησενγ
1616 1940 1738 2021 ἐτάχθη
1767 1946 1826 2023 μὲν
1857 1949 1917 2025 γάρ

345 2042 445 2117 εὑθὺς
467 2041 484 2106 ὑ
509 2046 706 2122 θαυμάσιος,
735 2043 778 2116 τίς
799 2045 834 2106 ἐν
854 2043 941 2132 άτμή
964 2045 1103 2126 νεότητος
1125 2045 1170 2106 τόν
1192 2047 1245 2105 καί
1267 2054 1459 2106 καταπονείν
1479 2044 1516 2107 ἐν
1537 2043 1649 2118 κόποις
1670 2048 1703 2107 τό
1726 2051 1818 2127 σῶμα
1839 2052 1920 2127 πρός

344 2146 503 2229 ὑποταγήν
525 2146 672 2225 δεόμενος
694 2144 879 2227 πνεύματος,
903 2149 1063 2210 διακονεῖν
1084 2155 1152 2219 ταίς
1166 2150 1284 2228 χρείαις
1297 2150 1360 2209 τῶν
1375 2145 1539 2229 α’δελφιῦν.
1560 2150 1614 2211 τοῦ
1628 2147 1663 2210 δὲ
1678 2154 1785 2214 κοινοῦ
1801 2155 1919 2233 πατρός

346 2256 399 2313 καί
421 2255 601 2334 καθηγητοῦ
622 2247 775 2333 άφορμδς
797 2249 940 2313 ἑκάστοτε
963 2254 1166 2333 χορηγοῦντος
1193 2253 1229 2338 τή
1256 2253 1308 2315 τοῦ
1337 2255 1411 2313 νέου
1443 2250 1618 2334 φιλοπονίᾳ
1648 2254 1727 2335 πρός
1749 2259 1918 2335 κατορθω-

342 2354 453 2436 μάτων
472 2355 633 2430 ἐπίδειξιν,
665 2351 720 2419 οὑκ
743 2354 825 2416 ἐστιν
846 2355 947 2416 ελπεῒν
969 2354 1023 2435 ἐφ’
1044 2347 1129 2438 ρότινι
1152 2352 1251 2416 πλέον
1273 2355 1293 2435 ή
1314 2354 1443 2417 ἔλαττον
1465 2355 1672 2434 δοκιμωτερος
1702 2352 1791 2430 οὗτος
1812 2356 1917 2440 α’πέβη

343 2464 398 2521 καί
420 2459 568 2541 διεφάνη.
590 2461 644 2520 ἴσα
666 2464 727 2540 γάρ
749 2460 786 2521 τά
810 2461 917 2521 πάντα
942 2465 993 2520 καὶ
1016 2457 1112 2536 όμοια
1137 2466 1189 2518 καί
1211 2455 1360 2540 άλλήλων
1375 2458 1511 2538 ἐχόμενα
1526 2459 1606 2520 καθ’
1619 2458 1700 2542 άπερ
1717 2461 1919 2536 πολύπλοκος

344 2567 434 2644 σειρό
456 2586 501 2637 τις
521 2567 617 2646 χρυσή
646 2604 679 2613 -
704 2567 737 2626 τό
752 2575 907 2639 γενναίου,
931 2568 964 2626 τό
982 2562 1163 2643 πρόθυμον,
1186 2565 1219 2625 τό
1236 2561 1465 2642 λελογισμένον,
1487 2567 1521 2625 τὺ
1538 2562 1726 2643 περιδέξιον,
1749 2569 1782 2626 τό
1799 2568 1918 2627 θάττον

344 2669 364 2749 ή
386 2667 604 2753 κελευήσθήναι
626 2669 708 2747 πρὺς
728 2669 761 2729 τό
784 2667 988 2745 κελευόμενον
1009 2664 1191 2740 ὑπακούειν,
1214 2667 1247 2729 τό
1269 2677 1405 2747 κρείττον
1426 2666 1556 2740 ἐλπίδος
1574 2665 1719 2743 ἐξανὺειν
1739 2670 1772 2728 τό
1839 2672 1918 2735 306²

344 2773 445 2852 τ’ργον,
475 2772 528 2833 ἐπί
558 2777 636 2834 πᾶσι
666 2774 713 2858 (τό
737 2773 866 2834 πάντων
889 2770 1092 2854 ὑψηλότατόν
1113 2794 1144 2832 τε
1173 2776 1225 2831 καὶ
1246 2773 1404 2854 μέγιστον)
1436 2779 1469 2833 τό
1496 2773 1595 2854 μηδὲν
1625 2775 1706 2850 μέγα
1736 2779 1918 2853 κατορθοῦν

343 2879 487 2952 οἴεσθαι,
511 2878 572 2936 κάν
593 2873 629 2938 τά
654 2875 783 2938 πάντων
805 2877 916 2958 ἄριστα
939 2874 1171 2955 κατεπράξατο,
1194 2873 1278 2936 άλλά
1302 2875 1381 2955 πρός
1402 2878 1457 2958 τήν
1481 2876 1666 2958 δεσποτικήν
1688 2874 1769 2957 ὑράν
1790 2878 1918 2961 ἐντολήν

345 2984 398 3041 καί
425 2979 501 3057 μετά
532 2981 586 3062 τήν
615 2983 676 3042 τόν
706 2980 835 3042 πάντων
863 2978 1061 3060 ἐκπλήρωσιν
1088 2974 1233 3057 άχρείον*
1262 2975 1376 3041 ἑαυτόν
1408 2978 1517 3040 ’καλείν
1548 2978 1664 3046 δοῦλον
1693 2986 1745 3040 καί
1774 2986 1827 3062 τῆς
1856 2987 1918 3044 τόν

343 3083 601 3167 ὑπηρετουμένων
624 3084 713 3164 εῦχής
736 3090 789 3144 καὶ
810 3082 955 3157 εὑλογίας
977 3080 1122 3156 α’νάξιον.
1210 3080 1311 3144 8οὑτω
1340 3082 1371 3144 δ’
1391 3082 1444 3144 ἐπὶ
1469 3085 1619 3166 μήκιστον
1646 3079 1764 3165 χρόνον
1793 3086 1830 3148 έν
1852 3098 1918 3160 ταῖς

343 3192 500 3262 τοιαύταις
520 3188 681 3267 ἐργασίαις
703 3188 941 3266 διαγενόμενος,
977 3191 1030 3246 καὶ
1052 3186 1153 3258 δεξιός
1176 3183 1219 3257 ιὺς
1240 3184 1338 3258 α’λλος
1360 3184 1464 3259 οόδείς
1493 3191 1529 3249 τά
1552 3184 1633 3268 πρός
1655 3192 1835 3269 θεραπείαν
1857 3187 1917 3252 α’ν-

343 3292 488 3371 θριόπων
510 3296 739 3376 μαρτυρηθείς,
772 3291 920 3354 ἐντεῦθεν
947 3290 1036 3362 ἄξιος
1063 3291 1198 3367 κρίνεται
1227 3294 1281 3349 καί
1303 3294 1384 3352 θεοῦ
1405 3291 1613 3372 λειτουργίας·
1645 3297 1699 3352 καί
1725 3293 1918 3376 διακονήσας

345 3395 449 3468 καλιῦς
477 3398 524 3480 (τό
554 3400 615 3476 γάρ
638 3394 864 3458 άποστολικὺν*
893 3393 992 3454 εἰπεῖν
1014 3393 1176 3474 εὔκαιρον)
1203 3395 1337 3473 βαθμόν
1364 3392 1467 3483 ἑαυτῷ
1497 3396 1597 3460 καλόν
1626 3407 1850 3477 περιποιεῖται,
1882 3399 1918 3460 ἐν

345 3501 494 3580 καθέδρᾳ
520 3503 736 3581 πρεσβυτέρων
765 3498 867 3559 αένείν
895 3500 949 3557 τδν
977 3494 1085 3574 κόριον
1113 3495 1241 3568 είκότως
1270 3494 1431 3571 άξιωθείς.
1467 3500 1522 3563 τδν
1551 3502 1587 3564 δέ
1614 3482 1755 3564 τοιοῦτον
1783 3504 1916 3581 βαθμόν

344 3602 513 3688 ἐπιστεύθη
542 3608 601 3684 μὲν
634 3602 670 3666 εὑ
703 3601 793 3681 μάλα
823 3604 1056 3681 κατακοσμῆσαι
1088 3598 1130 3660 δι’
1160 3599 1259 3679 ἔργων
1289 3604 1350 3662 τῶν
1379 3605 1608 3686 καθηκόντων·
1643 3602 1851 3687 κατεκόσμησε
1882 3605 1917 3667 δὲ

343 3710 469 3788 μάλλον
491 3711 510 3790 ή
530 3709 713 3790 ἐπιστεύθη,
737 3705 817 3768 οὑτω
839 3708 898 3783 μὲν
920 3703 1106 3787 ηιλοπόνως
1127 3709 1196 3783 περὶ
1219 3707 1273 3786 τήν
1295 3703 1382 3786 ίερὺν
1403 3705 1597 3788 λειτουργίαν
1619 3709 1734 3790 ταύτην
1749 3707 1915 3784 διατεθείς,

346 3810 388 3886 ὑς
407 3813 460 3875 ἐπὶ
483 3812 568 3885 ὑλοις
590 3813 667 3875 ἔτεσι
698 3810 767 3873 δυσί
796 3809 856 3872 καὺ
875 3806 1028 3890 ἐξήκοντα
1058 3808 1092 3881 ἐξ
1115 3806 1188 3869 ὑτου
1210 3813 1264 3870 τὸν
1285 3812 1493 3891 πρεσβύτερον
1515 3809 1695 3887 α’νεδέξατο,
1718 3809 1816 3874 αότὺν
1838 3814 1917 3875 καθ’

343 3915 474 4001 ἑκάστην
488 3919 526 3979 τά
542 3920 594 3999 τῆς
610 3915 741 3992 εύαγοὺς
755 3917 973 3996 μυσταγωγίας
986 3912 1147 3986 ἐπιτελεῖν,
1164 3913 1267 3995 πάσης
1287 3912 1365 3975 άνευ
1381 3914 1583 4001 προήηάσεως
1604 3922 1657 3978 καὶ
1679 3917 1775 3979 ὄκνου
1839 3919 1918 3982 3οῬ

345 4022 418 4102 δίχα
441 4023 575 4093 παντός,
607 4020 684 4085 οῦτω
714 4019 750 4082 δὲ
778 4017 964 4101 φιλοσόφως
991 4021 1044 4077 καὶ
1071 4018 1243 4096 καθαραῖς,
1277 4014 1320 4089 ὡς
1347 4017 1424 4096 μετά
1452 4020 1508 4100 τήν
1537 4024 1614 4082 νέαν
1643 4023 1744 4101 μονήν
1780 4025 1850 4102 περί
1882 4017 1917 4103 ής

344 4123 454 4191 αὑτίκα
483 4124 656 4199 λελέξεται,
686 4127 738 4184 καὶ
760 4125 814 4205 τήν
843 4121 921 4200 πρὸς
947 4120 1062 4202 ταύτην
1088 4121 1260 4200 μετάβασιν
1287 4117 1357 4203 μήτ’
1377 4122 1464 4196 ἐκτδς
1491 4126 1554 4185 τεῦν
1576 4122 1660 4203 ὑρων
1682 4122 1776 4205 αὑτής
1796 4126 1833 4185 τά
1856 4133 1918 4188 τῶν

345 4230 454 4293 ποδῶν
481 4232 551 4312 ἴχνη
582 4232 690 4290 θεῖναι
715 4228 792 4308 μήτε
820 4230 943 4301 γυναικὶ
973 4226 1005 4286 τὺ
1029 4225 1187 4305 παράπαν
1208 4224 1253 4298 είς
1274 4224 1355 4303 ὄψιν
1377 4223 1546 4307 ὑπομείναι
1569 4231 1826 4307 παραγενέσθαι,
1864 4237 1917 4291 καὶ

343 4341 405 4397 τῶν
434 4334 563 4415 άνδρτῦν
592 4332 627 4394 δὲ
655 4329 767 4410 μόνοις
792 4329 839 4402 ’ὡς
867 4328 976 4412 ήδιστα
1007 4341 1146 4392 συνεῖναι
1173 4339 1236 4402 τοῖς
1268 4328 1438 4410 φιλοθέοις
1469 4337 1523 4392 καί
1552 4336 1607 4412 τήν
1635 4329 1749 4414 άρετήν
1778 4333 1828 4394 ἐπ’
1850 4336 1917 4418 ἴσης

344 4438 427 4524 αὑτηί
449 4440 573 4521 διηνεκῆ
594 4434 724 4517 μελέτην
746 4436 985 4516 πεποιημένοις,
1017 4438 1079 4495 τόν
1107 4433 1136 4496 δ’
1156 4430 1268 4514 ἑτέρως
1294 4433 1430 4513 ἐχόντων
1457 4439 1513 4509 τάς
1541 4434 1667 4516 ὑμιλίας
1695 4438 1916 4517 ἐκτρέπεσθαι,

342 4541 443 4628 ἐαυτῷ
466 4542 502 4605 δέ
524 4552 664 4602 συνεῖναι
686 4543 739 4599 καὶ
762 4542 830 4621 θεῷ
860 4538 896 4599 τά
926 4535 1049 4614 πολλά,
1080 4535 1138 4615 οὑχ
1164 4534 1275 4610 άπλιός
1304 4540 1357 4611 τὰς
1385 4537 1478 4618 εῦχάς
1507 4538 1575 4601 οῦδ
1606 4537 1649 4612 ὥς
1676 4540 1718 4601 όν
1746 4564 1791 4614 τις
1819 4541 1916 4616 ἄλλος

343 4645 589 4732 α’φοσιοόμενος,
622 4643 693 4706 ἀλλ’
715 4643 845 4723 ὄμβροις
871 4639 1019 4713 αἐννάοις
1040 4640 1188 4720 δακρύων
1210 4645 1412 4722 καταβρέχων
1440 4645 1473 4704 τό
1505 4632 1673 4722 έδαηοςὼ,
1705 4647 1748 4725 τῷ
1776 4667 1806 4706 τε
1837 4651 1916 4730 θείῳ

341 4757 416 4834 πυρί
438 4755 490 4834 τής
512 4753 699 4830 θαυμαστής
721 4748 919 4821 κατανύξεως
939 4742 1145 4821 εόαγγελικιῦς
1165 4745 1220 4826 τήν
1242 4746 1379 4826 καρδίαν
1400 4749 1571 4828 καιομένην
1591 4746 1672 4825 ἔχων
1690 4746 1726 4808 έν
1740 4745 1841 4834 ἐαυτῷ
1864 4756 1918 4811 καὶ

413 4867 1121 4942 ⁶PsalmpmmLu017‚1018Tim0tha3,
1142 4886 1169 4935 ιη

1555 4971 1632 5041 27*
