4560 6172
491 725 600 786 Πάλαι
621 727 681 803 μὲν
703 724 809 797 οὕτως.
832 721 917 786 άλλά
942 728 1002 788 νῦν
1024 725 1104 789 οὕτω
1127 725 1241 790 πάλιν·

491 832 614 910 Ποιμην
636 831 695 907 μὲν
716 827 838 907 οἰκτρὰς
860 826 1025 906 Εὐχαΐτων
1047 828 1064 891 ὁ
1086 822 1233 910 γράφων,

481 931 599 991 Ἔστιν1
621 929 657 992 δὲ
680 935 733 992 καὶ
756 929 937 1006 σόγκελλος·
961 932 987 991 οἲ
1010 936 1078 1003 πῶς
1100 938 1153 993 καὶ
1176 932 1298 1010 πόθεν,

489 1035 570 1095 Θεία
594 1032 743 1111 πρόνοια,
767 1038 816 1095 σοὶ
838 1035 948 1113 χάρις·
972 1036 1013 1096 σά
1034 1037 1096 1113 γάρ
1119 1035 1205 1100 τάδε.

487 1135 573 1218 Αὕτη
597 1141 658 1217 γάρ
681 1138 727 1212 οἷς
749 1141 884 1219 ἔκρινας,
908 1138 1044 1214 εἰργάσω
1067 1139 1206 1214 τρόποις.

487 1242 574 1318 Πρός
596 1247 694 1305 ταῦτα
718 1242 747 1304 δ’
770 1241 859 1324 ἡμεῖς
882 1238 994 1302 οὐδέν·
1019 1237 1093 1320 αὕτη
1116 1238 1278 1320 μαρτύρει.

487 1344 609 1409 Deinde
640 1352 715 1426 post
741 1364 836 1410 unam
866 1345 1014 1425 paginam
1046 1363 1178 1408 vacuam
1215 1345 1377 1423 relictam,
1417 1346 1450 1408 in
1480 1365 1543 1427 qua
1573 1348 1735 1427 posterior
1756 1365 1868 1413 manua
1891 1367 1945 1414 res

399 1464 509 1511 sacras
533 1448 679 1528 scripsit,
713 1467 795 1528 quae
827 1467 898 1512 cunr
921 1447 1061 1511 Iohanne
1091 1447 1178 1511 nulio
1208 1446 1301 1511 modo
1335 1448 1520 1527 cohaerent,
1556 1456 1733 1530 sequnntur
1760 1450 1800 1516 sb
1832 1452 1944 1517 cadem

398 1569 494 1616 manu
517 1551 556 1615 0¹
579 1550 676 1617 rubro
700 1552 821 1631 scripta
842 1550 956 1615 haec²:

943 1652 999 1725 Ελς
1021 1659 1076 1732 την
1097 1651 1211 1714 ἑαυτοῦ
1234 1652 1357 1731 βίβλον.

489 1759 545 1829 Τλς
567 1756 609 1818 άν
631 1774 664 1820 σε
689 1758 913 1838 προσβλέψαι,
936 1755 1069 1837 φιλτάτη
1088 1755 1194 1833 βίβλος

489 1862 545 1930 Ta
567 1859 690 1939 ἐντύχοι
708 1880 778 1936 σοις
800 1865 845 1933 τλς
869 1860 896 1920 δ’
919 1863 961 1920 άν
983 1858 1027 1930 εἰς
1050 1870 1156 1939 χεῖρας
1179 1858 1275 1937 λάβοι
1282 1887 1294 1936 3

487 1961 594 2034 Οὕτως
616 1963 678 2040 ἔχει
702 1962 805 2044 φόβος
825 1985 864 2041 με
886 1967 938 2044 τῆς
961 1959 1123 2043 άχρησίας,

488 2065 558 2126 Κάν
578 2087 606 2126 τι
629 2069 758 2148 προσείη
780 2065 933 2147 χρήσιμον
955 2077 1018 2136 τοῖς
1042 2075 1109 2136 σοῖς
1131 2064 1245 2139 λόγοις.

1062 2167 1177 2231 Ἄλλοι.

485 2271 551 2333 (Dari
574 2274 649 2352 φεῦ·
673 2275 770 2333 ποθῶ
792 2275 852 2351 μὲν
875 2273 1037 2348 πανταχοῦ
1059 2270 1157 2332 πλείω
1181 2270 1328 2353 γράφειν,

476 2371 559 2454 ιΟρῶ
583 2374 612 2435 δ’
636 2373 865 2452 ἐπιβλέποντος
890 2372 963 2439 οὐδὲ
987 2377 1066 2454 πρός
1089 2374 1182 2436 τάδε·

475 2476 610 2549 Ἀλλους
632 2479 692 2554 γάρ
716 2475 809 2537 άλλοι
833 2481 891 2539 νῦν
913 2477 1110 2552 ἐπείγουσιν5
1133 2477 1238 2553 πόνοι,

483 2580 600 2653 Λόγων
622 2579 658 2641 δὲ
680 2581 795 2641 τούτων
817 2585 870 2640 καὶ
892 2583 1029 2660 γραφῶν
1051 2578 1155 2652 οὐδεὶς
1177 2580 1280 2656 λόγος.

476 2682 576 2745 Ὅθεν
596 2687 630 2744 το·
655 2681 760 2764 δῶρον
783 2688 835 2747 τοῦ
859 2686 938 2744 θεοῦ
961 2704 1032 2762 μου,
1056 2689 1111 2745 τὸν
1132 2683 1238 2759 λόγον,

475 2786 574 2863 Ἔχων
596 2786 776 2866 πρόχειρον,
800 2783 857 2851 oda
880 2787 940 2865 ἔχω
964 2788 1073 2852 τούτου
1095 2786 1200 2865 χάριν,

478 2888 562 2950 Ἀλλ’
584 2889 629 2960 εἰς
651 2894 772 2972 σιωπὴν
794 2889 1070 2968 συγκεκλεισμένον
1092 2890 1230 2968 βλέπειν,

474 2991 528 3065 Ὡς
550 2989 651 3054 τάλλα
675 2996 780 3054 πάντα
804 2999 944 3073 καρτερά
968 3014 1031 3055 που
1055 3000 1107 3054 καὶ
1130 2993 1211 3055 τόδε.

1081 3096 1200 3161 Ἀλλοι.

482 3205 544 3262 Καὶ
564 3204 662 3262 ταῦτα
685 3199 794 3262 πολλά
815 3238 858 3247 -
880 3200 959 3279 πρός
981 3224 1016 3274 γε
1036 3201 1107 3272 τοὺς
1129 3203 1337 3282 κεχρημένους
1360 3243 1411 3276 -,

480 3303 622 3366 Μᾶλλον
645 3303 672 3365 δ’
696 3302 776 3376 ὅλως
798 3304 936 3385 ἄχρηστα
959 3313 1027 3375 ταῖς
1049 3309 1108 3365 νῦν
1129 3302 1270 3384 ἡμέραις,

481 3408 568 3470 Καθ’
589 3407 628 3478 ἃς
651 3406 740 3468 δοκεῖ
760 3405 828 3468 δεῖν
850 3405 1028 3487 χρημάτων,
1052 3405 1090 3467 οὐ
1114 3404 1272 3488 ῥημάτων,

479 3511 586 3593 Ζήλου
608 3513 795 3590 κρατοῦντος
818 3509 1021 3588 πραγμάτων,
1045 3507 1084 3570 ου’
1106 3509 1319 3587 γραμμάτων·

483 3615 635 3679 Τοιοῦτόν
657 3613 740 3673 ἐστιν
762 3651 804 3657 -
826 3610 851 3672 τό
875 3612 968 3674 πόνοι
991 3635 1022 3673 τε
1044 3617 1097 3671 καὶ
1121 3611 1210 3685 λόγοι
1232 3649 1275 3658 —-

483 3719 528 3778 Τό
552 3719 763 3794 συμπέρασμα
788 3720 850 3776 τῶν
872 3717 958 3794 ἐμῶν
981 3715 1244 3794 σπουδασμάτων.
1524 3792 1527 3796 ἢ

475 3822 513 3885 In
536 3822 678 3901 proximo
702 3820 837 3899 denique
859 3818 946 3896 folio,
970 3819 1003 3882 id
1026 3820 1131 3883 estin
1153 3820 1250 3884 tertio
1275 3839 1383 3884 eornm
1406 3821 1569 3899 foliorum,
1593 3839 1675 3901 quae
1698 3821 1834 3901 prirnum
1857 3839 1936 3900 qua·

389 3925 567 3988 ternionem
589 3926 795 4004 praecedunt,
819 3943 838 3988 a
861 3924 900 3986 Ο1
923 3923 1001 3985 itern
1023 3921 1120 3986 rubro
1144 3923 1265 4002 scripta
1288 3929 1363 3988 sont
1384 3923 1500 3989 haec⁴:

474 4024 624 4089 Ἰωάννου
648 4027 743 4089 πόνοι
766 4051 796 4087 τε
819 4031 872 4085 καὶ
895 4023 985 4097 λόγοι
1009 4024 1095 4098 τάδε,

475 4131 510 4202 ὃς
532 4131 698 4205 σύγκελλος
720 4129 758 4213 ἦν
781 4135 836 4190 καὶ
859 4128 1012 4208 πρόεδρος
1034 4129 1168 4189 ἐνθάδε.

469 4233 506 4295 Ὁ
527 4235 724 4314 συγγραφεὺς
745 4237 803 4310 μὲν
826 4225 929 4302 οὗτος·
954 4227 1038 4294 οὗτοι
1061 4232 1089 4291 δ’
1114 4231 1144 4292 οἳ
1167 4231 1265 4307 λόγοι.

477 4341 581 4415 Στίχοι
605 4338 769 4417 όιάιγοροι.
792 4353 832 4418 ςη

472 4439 649 4501 Ἐπιστολαὶ
672 4439 836 4519 διάφοροι.
861 4436 897 4508 οζ

475 4545 575 4618 Λόγοι
599 4542 762 4622 διάφοροι.
786 4541 819 4602 ιδ
827 4539 839 4576 ⁵

430 4671 452 4708 α
476 4647 531 4718 Εἰς
553 4647 608 4728 την
631 4647 762 4718 σόναξιν
785 4648 847 4704 των
871 4640 971 4717 ἁγίων
993 4640 1146 4718 άγγέλων.

416 4825 426 4857 1
447 4824 462 4855 ν
483 4804 613 4858 vocabuli
632 4806 699 4855 ἔστιν
717 4819 827 4856 erasum
846 4800 910 4868 esti
937 4818 1042 4867 aquae
1061 4801 1211 4870 descripsit
1229 4800 1368 4870 Bolligius
1387 4800 1515 4870 Laporde
1537 4800 1540 4870 t
1566 4820 1578 4868 3
1599 4820 1614 4851 ν
1634 4801 1765 4856 vocabuli
1784 4803 1937 4870 ἐπείγουσιν

341 4892 451 4931 erasum
470 4879 513 4930 est
534 4877 537 4944 Ι
558 4896 574 4939 4
593 4893 665 4944 quae
682 4873 831 4942 descripsit
849 4872 988 4940 Bolligius
1008 4873 1135 4940 Laparde
1156 4872 1158 4941 i
1182 4892 1195 4941 ς
1217 4874 1267 4926 hos
1286 4875 1343 4926 tres
1362 4889 1491 4926 numeros
1511 4873 1607 4926 omisit
1627 4872 1668 4935 0¹,
1688 4872 1800 4926 addidit
1819 4873 1853 4928 0²
