<?xml version="1.0" encoding="UTF-8"?>
<!DOCTYPE html PUBLIC "-//W3C//DTD XHTML 1.0 Transitional//EN"
    "http://www.w3.org/TR/xhtml1/DTD/xhtml1-transitional.dtd">
<html xmlns="http://www.w3.org/1999/xhtml" xml:lang="en" lang="en">
 <head>
  <title>
</title>
<meta http-equiv="Content-Type" content="text/html;charset=utf-8" />
  <meta name='ocr-system' content='tesseract 3.04.00' />
  <meta name='ocr-capabilities' content='ocr_page ocr_carea ocr_par ocr_line ocrx_word'/>
</head>
<body>
  <div class='ocr_page' id='page_1' title='image "./iohanniseuchait00vatigoog_0250.png"; bbox 0 0 4560 6172; ppageno 0'>
   <div class='ocr_carea' id='block_1_1' title="bbox 343 546 1931 618">
    <p class='ocr_par' dir='ltr' id='par_1_1' title="bbox 343 546 1931 618">
     <span class='ocr_line' id='line_1_1' title="bbox 343 546 1931 618; baseline -0.004 -2"><span class='ocrx_word' id='word_1_1' title='bbox 343 549 423 618; x_wconf 77' lang='lat'><strong><em>188</em></strong></span> <span class='ocrx_word' id='word_1_2' title='bbox 445 547 526 616; x_wconf 76' lang='lat'><strong><em>189</em></strong></span> <span class='ocrx_word' id='word_1_3' title='bbox 1869 546 1931 611; x_wconf 79' lang='lat'><strong><em>207</em></strong></span> 
     </span>
    </p>
   </div>
   <div class='ocr_carea' id='block_1_2' title="bbox 341 713 1936 4821">
    <p class='ocr_par' dir='ltr' id='par_1_2' title="bbox 341 713 1936 1729">
     <span class='ocr_line' id='line_1_2' title="bbox 341 713 1933 798; baseline -0.001 -19"><span class='ocrx_word' id='word_1_4' title='bbox 341 715 431 779; x_wconf 92' lang='grc' dir='ltr'><strong><em>τόνδε</em></strong></span> <span class='ocrx_word' id='word_1_5' title='bbox 453 719 508 778; x_wconf 84' lang='grc' dir='ltr'><strong><em>τόν</em></strong></span> <span class='ocrx_word' id='word_1_6' title='bbox 530 714 630 778; x_wconf 88' lang='grc' dir='ltr'><strong><em>τόπον</em></strong></span> <span class='ocrx_word' id='word_1_7' title='bbox 651 723 855 798; x_wconf 73' lang='grc' dir='ltr'>συνοικισμοῦ</span> <span class='ocrx_word' id='word_1_8' title='bbox 886 722 940 777; x_wconf 80' lang='grc' dir='ltr'><strong><em>καὶ</em></strong></span> <span class='ocrx_word' id='word_1_9' title='bbox 966 720 1019 796; x_wconf 91' lang='grc' dir='ltr'><strong><em>τῆς</em></strong></span> <span class='ocrx_word' id='word_1_10' title='bbox 1049 713 1198 796; x_wconf 90' lang='grc' dir='ltr'><strong><em>ήμετέρας</em></strong></span> <span class='ocrx_word' id='word_1_11' title='bbox 1220 716 1366 780; x_wconf 88' lang='grc' dir='ltr'><strong><em>ἐνταῦθα</em></strong></span> <span class='ocrx_word' id='word_1_12' title='bbox 1388 719 1441 775; x_wconf 77' lang='grc' dir='ltr'><strong><em>καὶ</em></strong></span> <span class='ocrx_word' id='word_1_13' title='bbox 1462 718 1581 797; x_wconf 98' lang='grc' dir='ltr'><strong><em>τροφῆς</em></strong></span> <span class='ocrx_word' id='word_1_14' title='bbox 1602 719 1656 775; x_wconf 76' lang='grc' dir='ltr'><strong><em>καὶ</em></strong></span> <span class='ocrx_word' id='word_1_15' title='bbox 1670 717 1820 790; x_wconf 90' lang='grc' dir='ltr'><strong><em>γενέσεως</em></strong></span> <span class='ocrx_word' id='word_1_16' title='bbox 1842 714 1933 798; x_wconf 81' lang='grc' dir='ltr'><strong><em>ὀφει-</em></strong></span> 
     </span>
     <span class='ocr_line' id='line_1_3' title="bbox 343 816 1933 901; baseline 0.001 -21"><span class='ocrx_word' id='word_1_17' title='bbox 343 818 435 891; x_wconf 88' lang='grc' dir='ltr'><strong><em>λέτας</em></strong></span> <span class='ocrx_word' id='word_1_18' title='bbox 455 818 539 900; x_wconf 86' lang='grc' dir='ltr'><strong><em>ῆμάς</em></strong></span> <span class='ocrx_word' id='word_1_19' title='bbox 561 820 713 900; x_wconf 72' lang='grc' dir='ltr'><strong><em>διηνεκεῖς</em></strong></span> <span class='ocrx_word' id='word_1_20' title='bbox 734 820 869 898; x_wconf 82' lang='grc' dir='ltr'><strong><em>ἔχουσιν,</em></strong></span> <span class='ocrx_word' id='word_1_21' title='bbox 894 816 984 881; x_wconf 71' lang='grc' dir='ltr'><strong><em>αὐτοὶ</em></strong></span> <span class='ocrx_word' id='word_1_22' title='bbox 1006 821 1040 881; x_wconf 87' lang='grc' dir='ltr'><strong><em>τό</em></strong></span> <span class='ocrx_word' id='word_1_23' title='bbox 1062 821 1179 900; x_wconf 94' lang='grc' dir='ltr'><strong><em>χωρίον</em></strong></span> <span class='ocrx_word' id='word_1_24' title='bbox 1202 825 1255 880; x_wconf 75' lang='grc' dir='ltr'><strong><em>καὶ</em></strong></span> <span class='ocrx_word' id='word_1_25' title='bbox 1277 818 1463 901; x_wconf 73' lang='grc' dir='ltr'><strong><em>κτησάμενοι</em></strong></span> <span class='ocrx_word' id='word_1_26' title='bbox 1493 824 1546 879; x_wconf 74' lang='grc' dir='ltr'><strong><em>καὶ</em></strong></span> <span class='ocrx_word' id='word_1_27' title='bbox 1567 816 1773 898; x_wconf 68' lang='grc' dir='ltr'><strong><em>καθάραντες</em></strong></span> <span class='ocrx_word' id='word_1_28' title='bbox 1794 823 1848 879; x_wconf 78' lang='grc' dir='ltr'><strong><em>καί</em></strong></span> <span class='ocrx_word' id='word_1_29' title='bbox 1869 830 1933 892; x_wconf 81' lang='grc' dir='ltr'><strong><em>τοίς</em></strong></span> 
     </span>
     <span class='ocr_line' id='line_1_4' title="bbox 343 921 1936 1004; baseline 0.002 -21"><span class='ocrx_word' id='word_1_30' title='bbox 343 945 374 983; x_wconf 89' lang='grc' dir='ltr'><strong><em>τε</em></strong></span> <span class='ocrx_word' id='word_1_31' title='bbox 395 921 566 1004; x_wconf 90' lang='grc' dir='ltr'><strong><em>προγόνοις</em></strong></span> <span class='ocrx_word' id='word_1_32' title='bbox 588 927 642 983; x_wconf 78' lang='grc' dir='ltr'><strong><em>καί</em></strong></span> <span class='ocrx_word' id='word_1_33' title='bbox 664 921 740 1003; x_wconf 78' lang='grc' dir='ltr'><strong><em>ήμϊν</em></strong></span> <span class='ocrx_word' id='word_1_34' title='bbox 764 922 811 994; x_wconf 86' lang='grc' dir='ltr'><strong><em>εἰς</em></strong></span> <span class='ocrx_word' id='word_1_35' title='bbox 839 921 1027 1000; x_wconf 72' lang='grc' dir='ltr'><strong><em>κατάσχεσιν</em></strong></span> <span class='ocrx_word' id='word_1_36' title='bbox 1056 926 1111 982; x_wconf 78' lang='grc' dir='ltr'><strong><em>καί</em></strong></span> <span class='ocrx_word' id='word_1_37' title='bbox 1139 924 1275 1000; x_wconf 75' lang='grc' dir='ltr'><strong><em>βεβαίαν</em></strong></span> <span class='ocrx_word' id='word_1_38' title='bbox 1304 921 1448 993; x_wconf 92' lang='grc' dir='ltr'><strong><em>λιπόντες</em></strong></span> <span class='ocrx_word' id='word_1_39' title='bbox 1474 921 1705 1003; x_wconf 74' lang='grc' dir='ltr'><strong><em>κληρονομίαν,</em></strong></span> <span class='ocrx_word' id='word_1_40' title='bbox 1736 921 1781 996; x_wconf 85' lang='grc' dir='ltr'><strong><em>οἰς</em></strong></span> <span class='ocrx_word' id='word_1_41' title='bbox 1803 923 1936 997; x_wconf 82' lang='grc' dir='ltr'><strong><em>ἐνδίκως</em></strong></span> 
     </span>
     <span class='ocr_line' id='line_1_5' title="bbox 342 1022 1932 1109; baseline 0.001 -21"><span class='ocrx_word' id='word_1_42' title='bbox 342 1029 380 1088; x_wconf 84' lang='grc' dir='ltr'><strong><em>τά</em></strong></span> <span class='ocrx_word' id='word_1_43' title='bbox 402 1026 587 1107; x_wconf 75' lang='grc' dir='ltr'><strong><em>χαριστήρια</em></strong></span> <span class='ocrx_word' id='word_1_44' title='bbox 610 1029 740 1087; x_wconf 87' lang='grc' dir='ltr'><strong><em>τοιαῦτα</em></strong></span> <span class='ocrx_word' id='word_1_45' title='bbox 763 1026 1045 1107; x_wconf 88' lang='grc' dir='ltr'><strong><em>καρποφοροῦμεν,</em></strong></span> <span class='ocrx_word' id='word_1_46' title='bbox 1066 1023 1276 1100; x_wconf 78' lang='grc' dir='ltr'><strong><em>εὐλογοῦντες,</em></strong></span> <span class='ocrx_word' id='word_1_47' title='bbox 1300 1024 1471 1098; x_wconf 74' lang='grc' dir='ltr'><strong><em>αἰνοῦντες,</em></strong></span> <span class='ocrx_word' id='word_1_48' title='bbox 1494 1022 1709 1107; x_wconf 71' lang='grc' dir='ltr'><strong><em>εὐφημοῦντες</em></strong></span> <span class='ocrx_word' id='word_1_49' title='bbox 1731 1025 1932 1109; x_wconf 70' lang='grc' dir='ltr'><strong><em>ἀμφοτέρους</em></strong></span> 
     </span>
     <span class='ocr_line' id='line_1_6' title="bbox 343 1123 1931 1210; baseline 0.001 -20"><span class='ocrx_word' id='word_1_50' title='bbox 343 1130 423 1208; x_wconf 86' lang='grc' dir='ltr'><strong><em>πρὸς</em></strong></span> <span class='ocrx_word' id='word_1_51' title='bbox 445 1129 584 1206; x_wconf 89' lang='grc' dir='ltr'><strong><em>δύναμιν</em></strong></span> <span class='ocrx_word' id='word_1_52' title='bbox 607 1130 696 1208; x_wconf 91' lang='grc' dir='ltr'><strong><em>κοινῆ</em></strong></span> <span class='ocrx_word' id='word_1_53' title='bbox 719 1132 773 1188; x_wconf 74' lang='grc' dir='ltr'><strong><em>καί</em></strong></span> <span class='ocrx_word' id='word_1_54' title='bbox 794 1125 873 1202; x_wconf 86' lang='grc' dir='ltr'><strong><em>ἰδία,</em></strong></span> <span class='ocrx_word' id='word_1_55' title='bbox 896 1130 951 1187; x_wconf 77' lang='grc' dir='ltr'><strong><em>καί</em></strong></span> <span class='ocrx_word' id='word_1_56' title='bbox 973 1126 1027 1188; x_wconf 82' lang='grc' dir='ltr'><strong><em>τόν</em></strong></span> <span class='ocrx_word' id='word_1_57' title='bbox 1051 1126 1159 1188; x_wconf 84' lang='grc' dir='ltr'><strong><em>πάντα</em></strong></span> <span class='ocrx_word' id='word_1_58' title='bbox 1180 1130 1240 1206; x_wconf 75' lang='grc' dir='ltr'><strong><em>μὲν</em></strong></span> <span class='ocrx_word' id='word_1_59' title='bbox 1261 1128 1387 1208; x_wconf 90' lang='grc' dir='ltr'><strong><em>χρόνον,</em></strong></span> <span class='ocrx_word' id='word_1_60' title='bbox 1411 1127 1446 1188; x_wconf 86' lang='grc' dir='ltr'><strong><em>ἐν</em></strong></span> <span class='ocrx_word' id='word_1_61' title='bbox 1466 1137 1528 1199; x_wconf 76' lang='grc' dir='ltr'><strong><em>τοῖς</em></strong></span> <span class='ocrx_word' id='word_1_62' title='bbox 1544 1123 1730 1208; x_wconf 73' lang='grc' dir='ltr'><strong><em>ὡρισμένοις</em></strong></span> <span class='ocrx_word' id='word_1_63' title='bbox 1745 1130 1781 1192; x_wconf 80' lang='grc' dir='ltr'><strong><em>δὲ</em></strong></span> <span class='ocrx_word' id='word_1_64' title='bbox 1795 1130 1931 1210; x_wconf 89' lang='grc' dir='ltr'><strong><em>μάλιστα</em></strong></span> 
     </span>
     <span class='ocr_line' id='line_1_7' title="bbox 343 1226 1933 1316; baseline 0.003 -26"><span class='ocrx_word' id='word_1_65' title='bbox 343 1240 466 1310; x_wconf 72' lang='grc' dir='ltr'><strong><em>καιροῖς</em></strong></span> <span class='ocrx_word' id='word_1_66' title='bbox 487 1228 666 1316; x_wconf 82' lang='grc' dir='ltr'><strong><em>έκ[α]τε’ρφ,</em></strong></span> <span class='ocrx_word' id='word_1_67' title='bbox 699 1229 753 1302; x_wconf 86' lang='grc' dir='ltr'><strong><em>τάς</em></strong></span> <span class='ocrx_word' id='word_1_68' title='bbox 777 1226 880 1293; x_wconf 74' lang='grc' dir='ltr'><strong><em>αὐτῶν</em></strong></span> <span class='ocrx_word' id='word_1_69' title='bbox 902 1227 948 1302; x_wconf 81' lang='grc' dir='ltr'><strong><em>οἰς</em></strong></span> <span class='ocrx_word' id='word_1_70' title='bbox 970 1232 1124 1309; x_wconf 88' lang='grc' dir='ltr'><strong><em>προσῆκε,</em></strong></span> <span class='ocrx_word' id='word_1_71' title='bbox 1155 1233 1283 1312; x_wconf 90' lang='grc' dir='ltr'><strong><em>μνήμας</em></strong></span> <span class='ocrx_word' id='word_1_72' title='bbox 1304 1227 1529 1308; x_wconf 75' lang='grc' dir='ltr'><strong><em>ὑπερτιμῶντες</em></strong></span> <span class='ocrx_word' id='word_1_73' title='bbox 1549 1235 1603 1291; x_wconf 76' lang='grc' dir='ltr'><strong><em>καί</em></strong></span> <span class='ocrx_word' id='word_1_74' title='bbox 1626 1233 1681 1304; x_wconf 85' lang='grc' dir='ltr'><strong><em>τάς</em></strong></span> <span class='ocrx_word' id='word_1_75' title='bbox 1701 1235 1792 1314; x_wconf 83' lang='grc' dir='ltr'><strong><em>παρά</em></strong></span> <span class='ocrx_word' id='word_1_76' title='bbox 1815 1231 1933 1297; x_wconf 89' lang='grc' dir='ltr'><strong><em>τούτων</em></strong></span> 
     </span>
     <span class='ocr_line' id='line_1_8' title="bbox 345 1326 1933 1415; baseline 0.001 -19"><span class='ocrx_word' id='word_1_77' title='bbox 345 1332 387 1396; x_wconf 87' lang='grc' dir='ltr'><strong><em>αὐ</em></strong></span> <span class='ocrx_word' id='word_1_78' title='bbox 410 1329 510 1395; x_wconf 89' lang='grc' dir='ltr'><strong><em>πάλιν</em></strong></span> <span class='ocrx_word' id='word_1_79' title='bbox 533 1326 719 1415; x_wconf 87' lang='grc' dir='ltr'><strong><em>α’ντιλήψεις</em></strong></span> <span class='ocrx_word' id='word_1_80' title='bbox 749 1336 803 1392; x_wconf 81' lang='grc' dir='ltr'><strong><em>καὶ</em></strong></span> <span class='ocrx_word' id='word_1_81' title='bbox 831 1335 1024 1412; x_wconf 81' lang='grc' dir='ltr'><strong><em>προστασίας</em></strong></span> <span class='ocrx_word' id='word_1_82' title='bbox 1052 1332 1176 1410; x_wconf 83' lang='grc' dir='ltr'><strong><em>μείζους</em></strong></span> <span class='ocrx_word' id='word_1_83' title='bbox 1205 1333 1248 1394; x_wconf 81' lang='grc' dir='ltr'><strong><em>ἔτι</em></strong></span> <span class='ocrx_word' id='word_1_84' title='bbox 1270 1336 1324 1392; x_wconf 77' lang='grc' dir='ltr'><strong><em>καὶ</em></strong></span> <span class='ocrx_word' id='word_1_85' title='bbox 1347 1332 1474 1403; x_wconf 89' lang='grc' dir='ltr'><strong><em>πλείους</em></strong></span> <span class='ocrx_word' id='word_1_86' title='bbox 1497 1332 1645 1396; x_wconf 84' lang='grc' dir='ltr'><strong><em>ἐντεῦθεν</em></strong></span> <span class='ocrx_word' id='word_1_87' title='bbox 1668 1333 1711 1406; x_wconf 78' lang='grc' dir='ltr'><strong><em>ὥς</em></strong></span> <span class='ocrx_word' id='word_1_88' title='bbox 1732 1335 1816 1409; x_wconf 87' lang='grc' dir='ltr'><strong><em>εἰκός</em></strong></span> <span class='ocrx_word' id='word_1_89' title='bbox 1837 1336 1933 1398; x_wconf 82' lang='grc' dir='ltr'><strong><em>έκιια-</em></strong></span> 
     </span>
     <span class='ocr_line' id='line_1_9' title="bbox 343 1432 1932 1526; baseline 0.003 -27"><span class='ocrx_word' id='word_1_90' title='bbox 343 1437 518 1522; x_wconf 72' lang='grc' dir='ltr'><strong><em>λούήμενοι·</em></strong></span> <span class='ocrx_word' id='word_1_91' title='bbox 544 1432 589 1498; x_wconf 82' lang='grc' dir='ltr'><strong><em>τόν</em></strong></span> <span class='ocrx_word' id='word_1_92' title='bbox 608 1438 655 1517; x_wconf 83' lang='grc' dir='ltr'><strong><em>εἴη</em></strong></span> <span class='ocrx_word' id='word_1_93' title='bbox 678 1438 839 1513; x_wconf 77' lang='grc' dir='ltr'><strong><em>τυγχάνειν</em></strong></span> <span class='ocrx_word' id='word_1_94' title='bbox 860 1435 990 1515; x_wconf 79' lang='grc' dir='ltr'><strong><em>ἑτοίμοις</em></strong></span> <span class='ocrx_word' id='word_1_95' title='bbox 1011 1440 1065 1496; x_wconf 75' lang='grc' dir='ltr'><strong><em>καί</em></strong></span> <span class='ocrx_word' id='word_1_96' title='bbox 1085 1438 1223 1516; x_wconf 77' lang='grc' dir='ltr'><strong><em>μετέχειν</em></strong></span> <span class='ocrx_word' id='word_1_97' title='bbox 1245 1433 1370 1506; x_wconf 91' lang='grc' dir='ltr'><strong><em>πάντας</em></strong></span> <span class='ocrx_word' id='word_1_98' title='bbox 1392 1432 1475 1516; x_wconf 87' lang='grc' dir='ltr'><strong><em>ήμάς</em></strong></span> <span class='ocrx_word' id='word_1_99' title='bbox 1494 1436 1529 1496; x_wconf 83' lang='grc' dir='ltr'><strong><em>όν</em></strong></span> <span class='ocrx_word' id='word_1_100' title='bbox 1545 1458 1575 1497; x_wconf 91' lang='grc' dir='ltr'><strong><em>τε</em></strong></span> <span class='ocrx_word' id='word_1_101' title='bbox 1590 1440 1627 1524; x_wconf 84' lang='grc' dir='ltr'><strong><em>τῆ</em></strong></span> <span class='ocrx_word' id='word_1_102' title='bbox 1643 1440 1787 1526; x_wconf 84' lang='grc' dir='ltr'><strong><em>παρούση</em></strong></span> <span class='ocrx_word' id='word_1_103' title='bbox 1853 1441 1932 1504; x_wconf 72' lang='lat'><strong>299¹</strong></span> 
     </span>
     <span class='ocr_line' id='line_1_10' title="bbox 345 1536 1931 1629; baseline 0.001 -26"><span class='ocrx_word' id='word_1_104' title='bbox 345 1541 407 1629; x_wconf 79' lang='grc' dir='ltr'><strong><em>ζωῇ</em></strong></span> <span class='ocrx_word' id='word_1_105' title='bbox 429 1546 481 1602; x_wconf 76' lang='grc' dir='ltr'><strong><em>καὶ</em></strong></span> <span class='ocrx_word' id='word_1_106' title='bbox 503 1545 581 1619; x_wconf 82' lang='grc' dir='ltr'><strong><em>μετὰ</em></strong></span> <span class='ocrx_word' id='word_1_107' title='bbox 604 1540 659 1619; x_wconf 85' lang='grc' dir='ltr'><strong><em>τήν</em></strong></span> <span class='ocrx_word' id='word_1_108' title='bbox 681 1538 746 1600; x_wconf 76' lang='grc' dir='ltr'><strong><em>ἐκεῖ</em></strong></span> <span class='ocrx_word' id='word_1_109' title='bbox 764 1541 952 1618; x_wconf 87' lang='grc' dir='ltr'><strong><em>μετάστασιν</em></strong></span> <span class='ocrx_word' id='word_1_110' title='bbox 980 1545 1033 1600; x_wconf 75' lang='grc' dir='ltr'><strong><em>καὶ</em></strong></span> <span class='ocrx_word' id='word_1_111' title='bbox 1062 1536 1220 1601; x_wconf 85' lang='grc' dir='ltr'><strong><em>α’νάλυσιν</em></strong></span> <span class='ocrx_word' id='word_1_112' title='bbox 1254 1538 1290 1600; x_wconf 89' lang='grc' dir='ltr'><strong><em>ἐν</em></strong></span> <span class='ocrx_word' id='word_1_113' title='bbox 1318 1536 1403 1621; x_wconf 81' lang='grc' dir='ltr'><strong><em>αὐτῷ</em></strong></span> <span class='ocrx_word' id='word_1_114' title='bbox 1423 1542 1549 1623; x_wconf 82' lang='grc' dir='ltr'><strong><em>Χριστῷ</em></strong></span> <span class='ocrx_word' id='word_1_115' title='bbox 1579 1545 1621 1620; x_wconf 73' lang='grc' dir='ltr'><strong><em>τῷ</em></strong></span> <span class='ocrx_word' id='word_1_116' title='bbox 1652 1547 1763 1627; x_wconf 84' lang='grc' dir='ltr'><strong><em>ποιητῆ</em></strong></span> <span class='ocrx_word' id='word_1_117' title='bbox 1786 1549 1839 1604; x_wconf 77' lang='grc' dir='ltr'><strong><em>καλ</em></strong></span> <span class='ocrx_word' id='word_1_118' title='bbox 1862 1547 1931 1626; x_wconf 75' lang='grc' dir='ltr'><strong><em>θεῷ</em></strong></span> 
     </span>
     <span class='ocr_line' id='line_1_11' title="bbox 344 1639 1932 1729; baseline 0.003 -25"><span class='ocrx_word' id='word_1_119' title='bbox 344 1639 435 1723; x_wconf 80' lang='grc' dir='ltr'><strong><em>ήμῶν</em></strong></span> <span class='ocrx_word' id='word_1_120' title='bbox 456 1643 513 1708; x_wconf 89' lang='grc' dir='ltr'><strong><em>σῦν</em></strong></span> <span class='ocrx_word' id='word_1_121' title='bbox 536 1645 631 1723; x_wconf 88' lang='grc' dir='ltr'><strong><em>πατρί</em></strong></span> <span class='ocrx_word' id='word_1_122' title='bbox 653 1664 683 1703; x_wconf 91' lang='grc' dir='ltr'><strong><em>τε</em></strong></span> <span class='ocrx_word' id='word_1_123' title='bbox 706 1647 760 1702; x_wconf 78' lang='grc' dir='ltr'><strong><em>καὶ</em></strong></span> <span class='ocrx_word' id='word_1_124' title='bbox 783 1645 945 1722; x_wconf 86' lang='grc' dir='ltr'><strong><em>πνεύματι,</em></strong></span> <span class='ocrx_word' id='word_1_125' title='bbox 969 1643 1026 1705; x_wconf 85' lang='grc' dir='ltr'><strong><em>νῦν</em></strong></span> <span class='ocrx_word' id='word_1_126' title='bbox 1048 1647 1102 1704; x_wconf 77' lang='grc' dir='ltr'><strong><em>καὶ</em></strong></span> <span class='ocrx_word' id='word_1_127' title='bbox 1123 1641 1174 1702; x_wconf 82' lang='grc' dir='ltr'><strong><em>αἐἰ</em></strong></span> <span class='ocrx_word' id='word_1_128' title='bbox 1196 1647 1250 1702; x_wconf 75' lang='grc' dir='ltr'><strong><em>καὶ</em></strong></span> <span class='ocrx_word' id='word_1_129' title='bbox 1271 1641 1316 1714; x_wconf 91' lang='grc' dir='ltr'><strong><em>εἰς</em></strong></span> <span class='ocrx_word' id='word_1_130' title='bbox 1337 1639 1407 1712; x_wconf 90' lang='grc' dir='ltr'><strong><em>τούς</em></strong></span> <span class='ocrx_word' id='word_1_131' title='bbox 1429 1641 1551 1714; x_wconf 77' lang='grc' dir='ltr'><strong><em>αἰῶνας</em></strong></span> <span class='ocrx_word' id='word_1_132' title='bbox 1571 1650 1634 1704; x_wconf 83' lang='grc' dir='ltr'><strong><em>τῶν</em></strong></span> <span class='ocrx_word' id='word_1_133' title='bbox 1656 1643 1794 1708; x_wconf 79' lang='grc' dir='ltr'><strong><em>αἰώνων.</em></strong></span> <span class='ocrx_word' id='word_1_134' title='bbox 1834 1644 1932 1729; x_wconf 78' lang='grc' dir='ltr'><strong><em>α’μήν.</em></strong></span> 
     </span>
    </p>

    <p class='ocr_par' dir='ltr' id='par_1_3' title="bbox 345 1740 1932 1928">
     <span class='ocr_line' id='line_1_12' title="bbox 433 1740 1932 1829; baseline 0.006 -26"><span class='ocrx_word' id='word_1_135' title='bbox 433 1745 531 1812; x_wconf 78' lang='grc'><strong>189.</strong></span> <span class='ocrx_word' id='word_1_136' title='bbox 581 1747 647 1805; x_wconf 82' lang='grc' dir='ltr'><strong><em>Τοῦ</em></strong></span> <span class='ocrx_word' id='word_1_137' title='bbox 670 1740 778 1808; x_wconf 87' lang='grc' dir='ltr'><strong><em>αὐτοῦ.</em></strong></span> <span class='ocrx_word' id='word_1_138' title='bbox 801 1742 970 1824; x_wconf 78' lang='grc' dir='ltr'><strong><em>Σάββατόν</em></strong></span> <span class='ocrx_word' id='word_1_139' title='bbox 992 1748 1045 1826; x_wconf 92' lang='grc' dir='ltr'><strong><em>τῆς</em></strong></span> <span class='ocrx_word' id='word_1_140' title='bbox 1066 1749 1350 1826; x_wconf 87' lang='grc' dir='ltr'><strong><em>μεσοπεντηιιοστῆς</em></strong></span> <span class='ocrx_word' id='word_1_141' title='bbox 1370 1743 1414 1814; x_wconf 85' lang='grc' dir='ltr'><strong><em>εἰς</em></strong></span> <span class='ocrx_word' id='word_1_142' title='bbox 1427 1746 1481 1822; x_wconf 88' lang='grc' dir='ltr'><strong><em>τήν</em></strong></span> <span class='ocrx_word' id='word_1_143' title='bbox 1497 1746 1624 1827; x_wconf 78' lang='grc' dir='ltr'><strong><em>μνήμην</em></strong></span> <span class='ocrx_word' id='word_1_144' title='bbox 1645 1749 1700 1810; x_wconf 88' lang='grc' dir='ltr'><strong><em>τοῦ</em></strong></span> <span class='ocrx_word' id='word_1_145' title='bbox 1720 1744 1813 1823; x_wconf 85' lang='grc' dir='ltr'><strong><em>όγίου</em></strong></span> <span class='ocrx_word' id='word_1_146' title='bbox 1834 1773 1932 1829; x_wconf 88' lang='grc' dir='ltr'><strong><em>μεγα-</em></strong></span> 
     </span>
     <span class='ocr_line' id='line_1_13' title="bbox 345 1845 1035 1928; baseline 0 -18"><span class='ocrx_word' id='word_1_147' title='bbox 345 1846 542 1928; x_wconf 90' lang='grc' dir='ltr'><strong><em>λομάρτυρος</em></strong></span> <span class='ocrx_word' id='word_1_148' title='bbox 567 1845 740 1927; x_wconf 73' lang='grc' dir='ltr'><strong><em>Θεοδώρου</em></strong></span> <span class='ocrx_word' id='word_1_149' title='bbox 764 1847 830 1928; x_wconf 89' lang='grc' dir='ltr'><strong><em>ήτοι</em></strong></span> <span class='ocrx_word' id='word_1_150' title='bbox 854 1851 906 1910; x_wconf 91' lang='grc' dir='ltr'><strong><em>τοῦ</em></strong></span> <span class='ocrx_word' id='word_1_151' title='bbox 929 1848 1035 1920; x_wconf 86' lang='grc' dir='ltr'><strong><em>πεζοῦ.</em></strong></span> 
     </span>
    </p>

    <p class='ocr_par' dir='ltr' id='par_1_4' title="bbox 344 1947 1934 4508">
     <span class='ocr_line' id='line_1_14' title="bbox 435 1947 1932 2034; baseline 0.003 -24"><span class='ocrx_word' id='word_1_152' title='bbox 435 1949 540 2030; x_wconf 75' lang='grc' dir='ltr'><strong><em>1Παρ’</em></strong></span> <span class='ocrx_word' id='word_1_153' title='bbox 563 1947 638 2030; x_wconf 84' lang='grc' dir='ltr'><strong><em>ῆμίν</em></strong></span> <span class='ocrx_word' id='word_1_154' title='bbox 662 1947 689 2010; x_wconf 88' lang='grc' dir='ltr'><strong><em>δ’</em></strong></span> <span class='ocrx_word' id='word_1_155' title='bbox 712 1948 771 2011; x_wconf 89' lang='grc' dir='ltr'><strong><em>οῦν</em></strong></span> <span class='ocrx_word' id='word_1_156' title='bbox 794 1947 833 2011; x_wconf 87' lang='grc' dir='ltr'><strong><em>οὐ</em></strong></span> <span class='ocrx_word' id='word_1_157' title='bbox 854 1948 977 2012; x_wconf 89' lang='grc' dir='ltr'><strong><em>σπάνια</em></strong></span> <span class='ocrx_word' id='word_1_158' title='bbox 1002 1953 1039 2012; x_wconf 87' lang='grc' dir='ltr'><strong><em>τά</em></strong></span> <span class='ocrx_word' id='word_1_159' title='bbox 1062 1949 1148 2012; x_wconf 89' lang='grc' dir='ltr'><strong><em>καλά</em></strong></span> <span class='ocrx_word' id='word_1_160' title='bbox 1172 1952 1220 2033; x_wconf 87' lang='grc' dir='ltr'><strong><em>(τδ</em></strong></span> <span class='ocrx_word' id='word_1_161' title='bbox 1242 1947 1445 2034; x_wconf 83' lang='grc' dir='ltr'><strong><em>τοῦλόγου),</em></strong></span> <span class='ocrx_word' id='word_1_162' title='bbox 1477 1949 1562 2011; x_wconf 81' lang='grc' dir='ltr'><strong><em>άλλά</em></strong></span> <span class='ocrx_word' id='word_1_163' title='bbox 1585 1958 1638 2012; x_wconf 77' lang='grc' dir='ltr'><strong><em>καὶ</em></strong></span> <span class='ocrx_word' id='word_1_164' title='bbox 1661 1951 1734 2014; x_wconf 88' lang='grc' dir='ltr'><strong><em>λίαν</em></strong></span> <span class='ocrx_word' id='word_1_165' title='bbox 1750 1954 1854 2017; x_wconf 78' lang='grc' dir='ltr'><strong><em>πολλά</em></strong></span> <span class='ocrx_word' id='word_1_166' title='bbox 1878 1962 1932 2016; x_wconf 74' lang='grc' dir='ltr'><strong><em>καὶ</em></strong></span> 
     </span>
     <span class='ocr_line' id='line_1_15' title="bbox 346 2051 1933 2139; baseline 0.004 -25"><span class='ocrx_word' id='word_1_167' title='bbox 346 2051 473 2136; x_wconf 82' lang='grc' dir='ltr'><strong><em>δαψιλῆ</em></strong></span> <span class='ocrx_word' id='word_1_168' title='bbox 488 2057 541 2113; x_wconf 79' lang='grc' dir='ltr'><strong><em>καὶ</em></strong></span> <span class='ocrx_word' id='word_1_169' title='bbox 555 2052 706 2133; x_wconf 84' lang='grc' dir='ltr'><strong><em>φιλότιμα</em></strong></span> <span class='ocrx_word' id='word_1_170' title='bbox 730 2054 785 2116; x_wconf 84' lang='grc' dir='ltr'><strong><em>διά</em></strong></span> <span class='ocrx_word' id='word_1_171' title='bbox 805 2057 911 2117; x_wconf 89' lang='grc' dir='ltr'><strong><em>τοῦτον</em></strong></span> <span class='ocrx_word' id='word_1_172' title='bbox 926 2056 980 2115; x_wconf 86' lang='grc' dir='ltr'><strong><em>τόν</em></strong></span> <span class='ocrx_word' id='word_1_173' title='bbox 995 2055 1149 2117; x_wconf 86' lang='grc' dir='ltr'><strong><em>πλούσιον</em></strong></span> <span class='ocrx_word' id='word_1_174' title='bbox 1171 2054 1240 2139; x_wconf 81' lang='grc' dir='ltr'><strong><em>(διά</em></strong></span> <span class='ocrx_word' id='word_1_175' title='bbox 1255 2056 1324 2115; x_wconf 92' lang='grc' dir='ltr'><strong><em>τίνα</em></strong></span> <span class='ocrx_word' id='word_1_176' title='bbox 1338 2055 1399 2131; x_wconf 88' lang='grc' dir='ltr'><strong><em>γάρ</em></strong></span> <span class='ocrx_word' id='word_1_177' title='bbox 1416 2051 1549 2136; x_wconf 70' lang='grc' dir='ltr'><strong><em>άλλονς)</em></strong></span> <span class='ocrx_word' id='word_1_178' title='bbox 1572 2055 1689 2137; x_wconf 89' lang='grc' dir='ltr'><strong><em>δοτῆρα</em></strong></span> <span class='ocrx_word' id='word_1_179' title='bbox 1705 2061 1767 2118; x_wconf 83' lang='grc' dir='ltr'><strong><em>τῶν</em></strong></span> <span class='ocrx_word' id='word_1_180' title='bbox 1782 2056 1933 2134; x_wconf 82' lang='grc' dir='ltr'><strong><em>άγαθεῦν,</em></strong></span> 
     </span>
     <span class='ocr_line' id='line_1_16' title="bbox 346 2151 1931 2245; baseline 0.004 -28"><span class='ocrx_word' id='word_1_181' title='bbox 346 2157 382 2228; x_wconf 87' lang='grc' dir='ltr'><strong><em>ῦς</em></strong></span> <span class='ocrx_word' id='word_1_182' title='bbox 403 2159 443 2217; x_wconf 88' lang='grc' dir='ltr'><strong><em>τά</em></strong></span> <span class='ocrx_word' id='word_1_183' title='bbox 465 2178 496 2216; x_wconf 91' lang='grc' dir='ltr'><strong><em>τε</em></strong></span> <span class='ocrx_word' id='word_1_184' title='bbox 518 2154 603 2216; x_wconf 82' lang='grc' dir='ltr'><strong><em>ἄλλα</em></strong></span> <span class='ocrx_word' id='word_1_185' title='bbox 625 2157 726 2230; x_wconf 88' lang='grc' dir='ltr'><strong><em>πολύς</em></strong></span> <span class='ocrx_word' id='word_1_186' title='bbox 747 2157 846 2232; x_wconf 87' lang='grc' dir='ltr'><strong><em>ἐστιν,</em></strong></span> <span class='ocrx_word' id='word_1_187' title='bbox 879 2156 1010 2238; x_wconf 82' lang='grc' dir='ltr'><strong><em>α’φειδεί</em></strong></span> <span class='ocrx_word' id='word_1_188' title='bbox 1036 2160 1115 2236; x_wconf 75' lang='grc' dir='ltr'><strong><em>χειρί</em></strong></span> <span class='ocrx_word' id='word_1_189' title='bbox 1145 2156 1193 2239; x_wconf 88' lang='grc' dir='ltr'><strong><em>(τό</em></strong></span> <span class='ocrx_word' id='word_1_190' title='bbox 1217 2155 1401 2237; x_wconf 86' lang='grc' dir='ltr'><strong><em>λεγόμενον)</em></strong></span> <span class='ocrx_word' id='word_1_191' title='bbox 1429 2151 1598 2218; x_wconf 80' lang='grc' dir='ltr'><strong><em>Ιἐπαντλῶν</em></strong></span> <span class='ocrx_word' id='word_1_192' title='bbox 1628 2161 1706 2220; x_wconf 87' lang='grc' dir='ltr'><strong><em>καθ’</em></strong></span> <span class='ocrx_word' id='word_1_193' title='bbox 1735 2159 1867 2245; x_wconf 77' lang='grc' dir='ltr'><strong><em>ἑκάστην</em></strong></span> <span class='ocrx_word' id='word_1_194' title='bbox 1896 2165 1931 2226; x_wconf 86' lang='grc' dir='ltr'><strong><em>ἐκ</em></strong></span> 
     </span>
     <span class='ocr_line' id='line_1_17' title="bbox 346 2257 1934 2351; baseline 0.004 -30"><span class='ocrx_word' id='word_1_195' title='bbox 346 2263 408 2321; x_wconf 80' lang='grc' dir='ltr'><strong><em>τῶν</em></strong></span> <span class='ocrx_word' id='word_1_196' title='bbox 430 2265 483 2323; x_wconf 90' lang='grc' dir='ltr'><strong><em>τοῦ</em></strong></span> <span class='ocrx_word' id='word_1_197' title='bbox 505 2263 656 2342; x_wconf 92' lang='grc' dir='ltr'><strong><em>σωτηρίου</em></strong></span> <span class='ocrx_word' id='word_1_198' title='bbox 679 2264 798 2343; x_wconf 79' lang='grc' dir='ltr'><strong><em>πηγῦν,</em></strong></span> <span class='ocrx_word' id='word_1_199' title='bbox 822 2264 876 2321; x_wconf 77' lang='grc' dir='ltr'><strong><em>καὶ</em></strong></span> <span class='ocrx_word' id='word_1_200' title='bbox 898 2259 936 2340; x_wconf 86' lang='grc' dir='ltr'><strong><em>δή</em></strong></span> <span class='ocrx_word' id='word_1_201' title='bbox 960 2264 1015 2320; x_wconf 78' lang='grc' dir='ltr'><strong><em>καὶ</em></strong></span> <span class='ocrx_word' id='word_1_202' title='bbox 1035 2259 1108 2322; x_wconf 90' lang='grc' dir='ltr'><strong><em>τόδε</em></strong></span> <span class='ocrx_word' id='word_1_203' title='bbox 1130 2261 1164 2321; x_wconf 91' lang='grc' dir='ltr'><strong><em>τδ</em></strong></span> <span class='ocrx_word' id='word_1_204' title='bbox 1189 2258 1356 2321; x_wconf 91' lang='grc' dir='ltr'><strong><em>κάλλιστον</em></strong></span> <span class='ocrx_word' id='word_1_205' title='bbox 1378 2257 1532 2321; x_wconf 78' lang='grc' dir='ltr'><strong><em>ἁπάντων</em></strong></span> <span class='ocrx_word' id='word_1_206' title='bbox 1555 2260 1674 2336; x_wconf 86' lang='grc' dir='ltr'><strong><em>καλιῦν,</em></strong></span> <span class='ocrx_word' id='word_1_207' title='bbox 1696 2265 1752 2337; x_wconf 84' lang='grc' dir='ltr'><strong><em>τάς</em></strong></span> <span class='ocrx_word' id='word_1_208' title='bbox 1773 2266 1823 2327; x_wconf 85' lang='grc' dir='ltr'><strong><em>ἐπ’</em></strong></span> <span class='ocrx_word' id='word_1_209' title='bbox 1846 2265 1934 2351; x_wconf 75' lang='grc' dir='ltr'><strong><em>αὐτῷ</em></strong></span> 
     </span>
     <span class='ocr_line' id='line_1_18' title="bbox 346 2359 1931 2447; baseline 0.004 -23"><span class='ocrx_word' id='word_1_210' title='bbox 346 2362 559 2444; x_wconf 87' lang='grc' dir='ltr'><strong><em>φαιδρότητας</em></strong></span> <span class='ocrx_word' id='word_1_211' title='bbox 589 2361 669 2438; x_wconf 88' lang='grc' dir='ltr'><strong><em>λέγω</em></strong></span> <span class='ocrx_word' id='word_1_212' title='bbox 699 2367 816 2436; x_wconf 87' lang='grc' dir='ltr'><strong><em>ταύτας</em></strong></span> <span class='ocrx_word' id='word_1_213' title='bbox 845 2368 898 2423; x_wconf 78' lang='grc' dir='ltr'><strong><em>καὶ</em></strong></span> <span class='ocrx_word' id='word_1_214' title='bbox 928 2365 1132 2446; x_wconf 79' lang='grc' dir='ltr'><strong><em>πανηγύρεις,</em></strong></span> <span class='ocrx_word' id='word_1_215' title='bbox 1166 2366 1304 2441; x_wconf 81' lang='grc' dir='ltr'><strong><em>συνεχῶς</em></strong></span> <span class='ocrx_word' id='word_1_216' title='bbox 1333 2359 1407 2443; x_wconf 86' lang='grc' dir='ltr'><strong><em>ήμίν</em></strong></span> <span class='ocrx_word' id='word_1_217' title='bbox 1436 2361 1515 2424; x_wconf 82' lang='grc' dir='ltr'><strong><em>οὕτω</em></strong></span> <span class='ocrx_word' id='word_1_218' title='bbox 1546 2362 1684 2426; x_wconf 72' lang='grc' dir='ltr'><strong><em>διατελεῖ</em></strong></span> <span class='ocrx_word' id='word_1_219' title='bbox 1707 2367 1931 2447; x_wconf 74' lang='grc' dir='ltr'><strong><em>χαριζόμενος·</em></strong></span> 
     </span>
     <span class='ocr_line' id='line_1_19' title="bbox 347 2463 1932 2551; baseline 0.005 -25"><span class='ocrx_word' id='word_1_220' title='bbox 347 2466 469 2548; x_wconf 86' lang='grc' dir='ltr'><strong><em>ῆμέραν</em></strong></span> <span class='ocrx_word' id='word_1_221' title='bbox 490 2466 552 2546; x_wconf 80' lang='grc' dir='ltr'><strong><em>γάρ</em></strong></span> <span class='ocrx_word' id='word_1_222' title='bbox 575 2466 610 2540; x_wconf 88' lang='grc' dir='ltr'><strong><em>ἐξ</em></strong></span> <span class='ocrx_word' id='word_1_223' title='bbox 633 2465 752 2548; x_wconf 80' lang='grc' dir='ltr'><strong><em>ἡμέρας</em></strong></span> <span class='ocrx_word' id='word_1_224' title='bbox 774 2464 831 2549; x_wconf 81' lang='grc' dir='ltr'><strong><em>(ὡς</em></strong></span> <span class='ocrx_word' id='word_1_225' title='bbox 853 2466 968 2550; x_wconf 80' lang='grc' dir='ltr'><strong><em>εἰπεῖν)</em></strong></span> <span class='ocrx_word' id='word_1_226' title='bbox 991 2464 1190 2547; x_wconf 77' lang='grc' dir='ltr'><strong><em>ἑορτάζομεν,</em></strong></span> <span class='ocrx_word' id='word_1_227' title='bbox 1214 2472 1267 2526; x_wconf 75' lang='grc' dir='ltr'><strong><em>καί</em></strong></span> <span class='ocrx_word' id='word_1_228' title='bbox 1288 2467 1343 2546; x_wconf 89' lang='grc' dir='ltr'><strong><em>τῆν</em></strong></span> <span class='ocrx_word' id='word_1_229' title='bbox 1365 2463 1533 2546; x_wconf 85' lang='grc' dir='ltr'><strong><em>άγγελικήν</em></strong></span> <span class='ocrx_word' id='word_1_230' title='bbox 1556 2471 1609 2527; x_wconf 76' lang='grc' dir='ltr'><strong><em>καί</em></strong></span> <span class='ocrx_word' id='word_1_231' title='bbox 1631 2467 1783 2548; x_wconf 79' lang='grc' dir='ltr'><strong><em>οὐράνιον</em></strong></span> <span class='ocrx_word' id='word_1_232' title='bbox 1803 2477 1932 2551; x_wconf 87' lang='grc' dir='ltr'><strong><em>χορείαν</em></strong></span> 
     </span>
     <span class='ocr_line' id='line_1_20' title="bbox 347 2565 1932 2652; baseline 0.003 -21"><span class='ocrx_word' id='word_1_233' title='bbox 347 2571 468 2652; x_wconf 80' lang='grc' dir='ltr'><strong><em>ἐκείνην</em></strong></span> <span class='ocrx_word' id='word_1_234' title='bbox 498 2570 536 2650; x_wconf 87' lang='grc' dir='ltr'><strong><em>ῆν</em></strong></span> <span class='ocrx_word' id='word_1_235' title='bbox 565 2575 636 2649; x_wconf 77' lang='grc' dir='ltr'><strong><em>περὶ</em></strong></span> <span class='ocrx_word' id='word_1_236' title='bbox 656 2571 711 2632; x_wconf 84' lang='grc' dir='ltr'><strong><em>τὸν</em></strong></span> <span class='ocrx_word' id='word_1_237' title='bbox 735 2570 859 2651; x_wconf 93' lang='grc' dir='ltr'><strong><em>θρόνον</em></strong></span> <span class='ocrx_word' id='word_1_238' title='bbox 881 2568 968 2633; x_wconf 78' lang='grc' dir='ltr'><strong><em>αὐτοὶ</em></strong></span> <span class='ocrx_word' id='word_1_239' title='bbox 990 2573 1042 2651; x_wconf 89' lang='grc' dir='ltr'><strong><em>τῆς</em></strong></span> <span class='ocrx_word' id='word_1_240' title='bbox 1070 2568 1294 2651; x_wconf 80' lang='grc' dir='ltr'><strong><em>μεγαλωσύνης</em></strong></span> <span class='ocrx_word' id='word_1_241' title='bbox 1322 2565 1434 2638; x_wconf 85' lang='grc' dir='ltr'><strong><em>οἰῐδίως</em></strong></span> <span class='ocrx_word' id='word_1_242' title='bbox 1461 2568 1641 2647; x_wconf 83' lang='grc' dir='ltr'><strong><em>χορεύουσι,</em></strong></span> <span class='ocrx_word' id='word_1_243' title='bbox 1672 2576 1726 2632; x_wconf 72' lang='grc' dir='ltr'><strong><em>καὶ</em></strong></span> <span class='ocrx_word' id='word_1_244' title='bbox 1748 2571 1835 2652; x_wconf 83' lang='grc' dir='ltr'><strong><em>ῆμείς</em></strong></span> <span class='ocrx_word' id='word_1_245' title='bbox 1856 2573 1932 2636; x_wconf 85' lang='grc' dir='ltr'><strong><em>ὅσον</em></strong></span> 
     </span>
     <span class='ocr_line' id='line_1_21' title="bbox 348 2668 1933 2755; baseline 0.004 -22"><span class='ocrx_word' id='word_1_246' title='bbox 348 2677 443 2751; x_wconf 87' lang='grc' dir='ltr'><strong><em>θέμις</em></strong></span> <span class='ocrx_word' id='word_1_247' title='bbox 466 2674 519 2733; x_wconf 73' lang='grc' dir='ltr'><strong><em>ἐπὶ</em></strong></span> <span class='ocrx_word' id='word_1_248' title='bbox 540 2679 595 2755; x_wconf 90' lang='grc' dir='ltr'><strong><em>γῆς</em></strong></span> <span class='ocrx_word' id='word_1_249' title='bbox 617 2673 856 2754; x_wconf 85' lang='grc' dir='ltr'><strong><em>ἐκμιμούμεθα·</em></strong></span> <span class='ocrx_word' id='word_1_250' title='bbox 888 2673 1122 2754; x_wconf 86' lang='grc' dir='ltr'><strong><em>άφθονιότατος</em></strong></span> <span class='ocrx_word' id='word_1_251' title='bbox 1143 2675 1205 2751; x_wconf 84' lang='grc' dir='ltr'><strong><em>γάρ</em></strong></span> <span class='ocrx_word' id='word_1_252' title='bbox 1233 2670 1249 2733; x_wconf 85' lang='grc' dir='ltr'><strong><em>ό</em></strong></span> <span class='ocrx_word' id='word_1_253' title='bbox 1274 2674 1406 2752; x_wconf 85' lang='grc' dir='ltr'><strong><em>χορηγός</em></strong></span> <span class='ocrx_word' id='word_1_254' title='bbox 1429 2668 1504 2752; x_wconf 77' lang='grc' dir='ltr'><strong><em>η’μίν</em></strong></span> <span class='ocrx_word' id='word_1_255' title='bbox 1525 2677 1579 2733; x_wconf 81' lang='grc' dir='ltr'><strong><em>καὶ</em></strong></span> <span class='ocrx_word' id='word_1_256' title='bbox 1602 2672 1860 2754; x_wconf 87' lang='grc' dir='ltr'><strong><em>φιλοτιμότατος,</em></strong></span> <span class='ocrx_word' id='word_1_257' title='bbox 1890 2674 1933 2751; x_wconf 78' lang='grc' dir='ltr'><strong><em>ὥς</em></strong></span> 
     </span>
     <span class='ocr_line' id='line_1_22' title="bbox 346 2772 1932 2861; baseline -0.001 -21"><span class='ocrx_word' id='word_1_258' title='bbox 346 2773 384 2840; x_wconf 89' lang='grc' dir='ltr'><strong><em>οὐ</em></strong></span> <span class='ocrx_word' id='word_1_259' title='bbox 404 2775 507 2857; x_wconf 94' lang='grc' dir='ltr'><strong><em>μόνον</em></strong></span> <span class='ocrx_word' id='word_1_260' title='bbox 529 2779 571 2861; x_wconf 77' lang='grc' dir='ltr'><strong><em>τῷ</em></strong></span> <span class='ocrx_word' id='word_1_261' title='bbox 593 2778 658 2838; x_wconf 86' lang='grc' dir='ltr'><strong><em>ὄντι</em></strong></span> <span class='ocrx_word' id='word_1_262' title='bbox 681 2778 876 2858; x_wconf 90' lang='grc' dir='ltr'><strong><em>φερωνύμως</em></strong></span> <span class='ocrx_word' id='word_1_263' title='bbox 900 2777 1084 2854; x_wconf 84' lang='grc' dir='ltr'><strong><em>Θεόδωρος,</em></strong></span> <span class='ocrx_word' id='word_1_264' title='bbox 1110 2777 1113 2860; x_wconf 74' lang='grc' dir='ltr'><strong><em>ή</em></strong></span> <span class='ocrx_word' id='word_1_265' title='bbox 1140 2775 1224 2838; x_wconf 81' lang='grc' dir='ltr'><strong><em>άλλῦ</em></strong></span> <span class='ocrx_word' id='word_1_266' title='bbox 1248 2779 1301 2835; x_wconf 78' lang='grc' dir='ltr'><strong><em>καὶ</em></strong></span> <span class='ocrx_word' id='word_1_267' title='bbox 1323 2772 1507 2854; x_wconf 86' lang='grc' dir='ltr'><strong><em>πολύδωρος</em></strong></span> <span class='ocrx_word' id='word_1_268' title='bbox 1536 2774 1594 2854; x_wconf 86' lang='grc' dir='ltr'><strong><em>οὐχ</em></strong></span> <span class='ocrx_word' id='word_1_269' title='bbox 1623 2772 1712 2859; x_wconf 88' lang='grc' dir='ltr'><strong><em>ήττον</em></strong></span> <span class='ocrx_word' id='word_1_270' title='bbox 1734 2783 1788 2838; x_wconf 78' lang='grc' dir='ltr'><strong><em>καλ</em></strong></span> <span class='ocrx_word' id='word_1_271' title='bbox 1853 2781 1932 2845; x_wconf 83' lang='lat'>300¹</span> 
     </span>
     <span class='ocr_line' id='line_1_23' title="bbox 345 2876 1931 2962; baseline 0.003 -21"><span class='ocrx_word' id='word_1_272' title='bbox 345 2878 578 2959; x_wconf 90' lang='grc' dir='ltr'><strong><em>μεγαλόδωρος.</em></strong></span> <span class='ocrx_word' id='word_1_273' title='bbox 670 2881 880 2959; x_wconf 62' lang='grc' dir='ltr'><strong><em>ἰθαυμαστῦν</em></strong></span> <span class='ocrx_word' id='word_1_274' title='bbox 903 2881 938 2942; x_wconf 77' lang='grc' dir='ltr'><strong><em>δὲ</em></strong></span> <span class='ocrx_word' id='word_1_275' title='bbox 961 2879 1067 2954; x_wconf 86' lang='grc' dir='ltr'><strong><em>οὐδέν,</em></strong></span> <span class='ocrx_word' id='word_1_276' title='bbox 1098 2880 1126 2940; x_wconf 86' lang='grc' dir='ltr'><strong><em>εἰ</em></strong></span> <span class='ocrx_word' id='word_1_277' title='bbox 1152 2878 1301 2959; x_wconf 85' lang='grc' dir='ltr'><strong><em>τοσαύτης</em></strong></span> <span class='ocrx_word' id='word_1_278' title='bbox 1329 2876 1453 2957; x_wconf 92' lang='grc' dir='ltr'><strong><em>χάριτος</em></strong></span> <span class='ocrx_word' id='word_1_279' title='bbox 1474 2877 1579 2956; x_wconf 84' lang='grc' dir='ltr'><strong><em>ότυχεν</em></strong></span> <span class='ocrx_word' id='word_1_280' title='bbox 1600 2876 1663 2941; x_wconf 86' lang='grc' dir='ltr'><strong><em>ῦπδ</em></strong></span> <span class='ocrx_word' id='word_1_281' title='bbox 1685 2885 1738 2962; x_wconf 90' lang='grc' dir='ltr'><strong><em>τῆς</em></strong></span> <span class='ocrx_word' id='word_1_282' title='bbox 1760 2883 1856 2956; x_wconf 85' lang='grc' dir='ltr'><strong><em>ὅντως</em></strong></span> <span class='ocrx_word' id='word_1_283' title='bbox 1882 2884 1931 2946; x_wconf 87' lang='grc' dir='ltr'><strong><em>δι-</em></strong></span> 
     </span>
     <span class='ocr_line' id='line_1_24' title="bbox 347 2978 1931 3066; baseline 0.004 -22"><span class='ocrx_word' id='word_1_284' title='bbox 347 2981 531 3064; x_wconf 87' lang='grc' dir='ltr'><strong><em>καιοσύνης,</em></strong></span> <span class='ocrx_word' id='word_1_285' title='bbox 555 2983 622 3044; x_wconf 76' lang='grc' dir='ltr'><strong><em>ἐπεὶ</em></strong></span> <span class='ocrx_word' id='word_1_286' title='bbox 644 2988 697 3042; x_wconf 77' lang='grc' dir='ltr'><strong><em>καὶ</em></strong></span> <span class='ocrx_word' id='word_1_287' title='bbox 720 2983 813 3056; x_wconf 82' lang='grc' dir='ltr'><strong><em>αὐτός</em></strong></span> <span class='ocrx_word' id='word_1_288' title='bbox 835 2982 873 3047; x_wconf 92' lang='grc' dir='ltr'><strong><em>οὐ</em></strong></span> <span class='ocrx_word' id='word_1_289' title='bbox 892 2983 1090 3064; x_wconf 89' lang='grc' dir='ltr'><strong><em>μικρολόγως</em></strong></span> <span class='ocrx_word' id='word_1_290' title='bbox 1113 2980 1181 3046; x_wconf 87' lang='grc' dir='ltr'><strong><em>οὐδ’</em></strong></span> <span class='ocrx_word' id='word_1_291' title='bbox 1204 2979 1270 3042; x_wconf 81' lang='grc' dir='ltr'><strong><em>α’πδ</em></strong></span> <span class='ocrx_word' id='word_1_292' title='bbox 1292 2983 1425 3061; x_wconf 89' lang='grc' dir='ltr'><strong><em>μέρους,</em></strong></span> <span class='ocrx_word' id='word_1_293' title='bbox 1458 2978 1531 3041; x_wconf 82' lang='grc' dir='ltr'><strong><em>α’λλ’</em></strong></span> <span class='ocrx_word' id='word_1_294' title='bbox 1552 2981 1630 3044; x_wconf 91' lang='grc' dir='ltr'><strong><em>όλον</em></strong></span> <span class='ocrx_word' id='word_1_295' title='bbox 1651 2980 1765 3046; x_wconf 82' lang='grc' dir='ltr'><strong><em>ἐαυτὸν</em></strong></span> <span class='ocrx_word' id='word_1_296' title='bbox 1786 2983 1931 3066; x_wconf 87' lang='grc' dir='ltr'><strong><em>εὐψυχό-</em></strong></span> 
     </span>
     <span class='ocr_line' id='line_1_25' title="bbox 347 3081 1932 3168; baseline 0.003 -21"><span class='ocrx_word' id='word_1_297' title='bbox 347 3108 423 3147; x_wconf 87' lang='grc' dir='ltr'><strong><em>τατα</em></strong></span> <span class='ocrx_word' id='word_1_298' title='bbox 452 3087 573 3146; x_wconf 91' lang='grc' dir='ltr'><strong><em>θυσίαν</em></strong></span> <span class='ocrx_word' id='word_1_299' title='bbox 602 3083 722 3156; x_wconf 78' lang='grc' dir='ltr'><strong><em>ζιῦσαν*</em></strong></span> <span class='ocrx_word' id='word_1_300' title='bbox 745 3083 843 3160; x_wconf 82' lang='grc' dir='ltr'><strong><em>ἁγίαν</em></strong></span> <span class='ocrx_word' id='word_1_301' title='bbox 864 3085 1034 3167; x_wconf 88' lang='grc' dir='ltr'><strong><em>εὐάρεστον</em></strong></span> <span class='ocrx_word' id='word_1_302' title='bbox 1055 3086 1164 3168; x_wconf 85' lang='grc' dir='ltr'><strong><em>ἐκείνῳ</em></strong></span> <span class='ocrx_word' id='word_1_303' title='bbox 1187 3087 1389 3165; x_wconf 81' lang='grc' dir='ltr'><strong><em>παρέστησεν,</em></strong></span> <span class='ocrx_word' id='word_1_304' title='bbox 1413 3081 1452 3148; x_wconf 91' lang='grc' dir='ltr'><strong><em>οὐ</em></strong></span> <span class='ocrx_word' id='word_1_305' title='bbox 1464 3086 1567 3162; x_wconf 90' lang='grc' dir='ltr'><strong><em>μόνον</em></strong></span> <span class='ocrx_word' id='word_1_306' title='bbox 1582 3085 1747 3166; x_wconf 89' lang='grc' dir='ltr'><strong><em>φιλοθέως</em></strong></span> <span class='ocrx_word' id='word_1_307' title='bbox 1768 3091 1858 3167; x_wconf 81' lang='grc' dir='ltr'><strong><em>βιούς</em></strong></span> <span class='ocrx_word' id='word_1_308' title='bbox 1880 3097 1932 3151; x_wconf 76' lang='grc' dir='ltr'><strong><em>καὶ</em></strong></span> 
     </span>
     <span class='ocr_line' id='line_1_26' title="bbox 347 3185 1932 3271; baseline 0.002 -20"><span class='ocrx_word' id='word_1_309' title='bbox 347 3194 446 3251; x_wconf 80' lang='grc' dir='ltr'><strong><em>πόσιν</em></strong></span> <span class='ocrx_word' id='word_1_310' title='bbox 468 3188 570 3267; x_wconf 78' lang='grc' dir='ltr'><strong><em>ἔργοις</em></strong></span> <span class='ocrx_word' id='word_1_311' title='bbox 592 3187 702 3259; x_wconf 78' lang='grc' dir='ltr'><strong><em>καλοῖς</em></strong></span> <span class='ocrx_word' id='word_1_312' title='bbox 724 3187 933 3271; x_wconf 88' lang='grc' dir='ltr'><strong><em>εὐαρεστήσας</em></strong></span> <span class='ocrx_word' id='word_1_313' title='bbox 955 3194 1009 3251; x_wconf 81' lang='grc' dir='ltr'><strong><em>καλ</em></strong></span> <span class='ocrx_word' id='word_1_314' title='bbox 1031 3189 1249 3270; x_wconf 86' lang='grc' dir='ltr'><strong><em>θεραπεύσας,</em></strong></span> <span class='ocrx_word' id='word_1_315' title='bbox 1280 3185 1352 3249; x_wconf 75' lang='grc' dir='ltr'><strong><em>ἄλλ’</em></strong></span> <span class='ocrx_word' id='word_1_316' title='bbox 1373 3188 1416 3248; x_wconf 80' lang='grc' dir='ltr'><strong><em>ἔτι</em></strong></span> <span class='ocrx_word' id='word_1_317' title='bbox 1438 3186 1637 3266; x_wconf 80' lang='grc' dir='ltr'><strong><em>καὶμᾶλλον</em></strong></span> <span class='ocrx_word' id='word_1_318' title='bbox 1659 3189 1825 3270; x_wconf 91' lang='grc' dir='ltr'><strong><em>φιλοθέως</em></strong></span> <span class='ocrx_word' id='word_1_319' title='bbox 1847 3191 1932 3254; x_wconf 86' lang='grc' dir='ltr'><strong><em>άπο-</em></strong></span> 
     </span>
     <span class='ocr_line' id='line_1_27' title="bbox 345 3289 1930 3374; baseline 0.003 -20"><span class='ocrx_word' id='word_1_320' title='bbox 345 3294 447 3370; x_wconf 86' lang='grc' dir='ltr'><strong><em>βιούς,</em></strong></span> <span class='ocrx_word' id='word_1_321' title='bbox 470 3295 523 3351; x_wconf 78' lang='grc' dir='ltr'><strong><em>καί</em></strong></span> <span class='ocrx_word' id='word_1_322' title='bbox 546 3295 588 3373; x_wconf 75' lang='grc' dir='ltr'><strong><em>τῷ</em></strong></span> <span class='ocrx_word' id='word_1_323' title='bbox 611 3290 799 3371; x_wconf 88' lang='grc' dir='ltr'><strong><em>συνδήσαντί</em></strong></span> <span class='ocrx_word' id='word_1_324' title='bbox 821 3313 850 3353; x_wconf 90' lang='grc' dir='ltr'><strong><em>τε</em></strong></span> <span class='ocrx_word' id='word_1_325' title='bbox 875 3297 929 3353; x_wconf 79' lang='grc' dir='ltr'><strong><em>καλ</em></strong></span> <span class='ocrx_word' id='word_1_326' title='bbox 950 3292 1078 3358; x_wconf 87' lang='grc' dir='ltr'><strong><em>λύσαντι</em></strong></span> <span class='ocrx_word' id='word_1_327' title='bbox 1102 3299 1156 3354; x_wconf 74' lang='grc' dir='ltr'><strong><em>καὶ</em></strong></span> <span class='ocrx_word' id='word_1_328' title='bbox 1178 3292 1259 3374; x_wconf 83' lang='grc' dir='ltr'><strong><em>ζωήν</em></strong></span> <span class='ocrx_word' id='word_1_329' title='bbox 1275 3289 1292 3353; x_wconf 88' lang='grc' dir='ltr'><strong><em>ό</em></strong></span> <span class='ocrx_word' id='word_1_330' title='bbox 1307 3290 1464 3366; x_wconf 88' lang='grc' dir='ltr'><strong><em>γεννάδας</em></strong></span> <span class='ocrx_word' id='word_1_331' title='bbox 1480 3292 1683 3372; x_wconf 83' lang='grc' dir='ltr'><strong><em>καθιερεύσας</em></strong></span> <span class='ocrx_word' id='word_1_332' title='bbox 1705 3300 1758 3354; x_wconf 76' lang='grc' dir='ltr'><strong><em>καὶ</em></strong></span> <span class='ocrx_word' id='word_1_333' title='bbox 1776 3297 1930 3370; x_wconf 84' lang='grc' dir='ltr'><strong><em>θάνατον,</em></strong></span> 
     </span>
     <span class='ocr_line' id='line_1_28' title="bbox 346 3391 1932 3480; baseline 0.002 -23"><span class='ocrx_word' id='word_1_334' title='bbox 346 3394 429 3457; x_wconf 86' lang='grc' dir='ltr'><strong><em>ὅθεν</em></strong></span> <span class='ocrx_word' id='word_1_335' title='bbox 451 3392 493 3466; x_wconf 82' lang='grc' dir='ltr'><strong><em>(ῦς</em></strong></span> <span class='ocrx_word' id='word_1_336' title='bbox 516 3394 600 3458; x_wconf 89' lang='grc' dir='ltr'><strong><em>πολύ</em></strong></span> <span class='ocrx_word' id='word_1_337' title='bbox 619 3397 805 3475; x_wconf 77' lang='grc' dir='ltr'><strong><em>παρασχών,</em></strong></span> <span class='ocrx_word' id='word_1_338' title='bbox 828 3399 882 3456; x_wconf 82' lang='grc' dir='ltr'><strong><em>καὶ</em></strong></span> <span class='ocrx_word' id='word_1_339' title='bbox 904 3396 988 3462; x_wconf 80' lang='grc' dir='ltr'><strong><em>πολὺ</em></strong></span> <span class='ocrx_word' id='word_1_340' title='bbox 1008 3397 1139 3469; x_wconf 89' lang='grc' dir='ltr'><strong><em>δικαίως</em></strong></span> <span class='ocrx_word' id='word_1_341' title='bbox 1161 3393 1402 3475; x_wconf 86' lang='grc' dir='ltr'><strong><em>άντιλαμβάνει.</em></strong></span> <span class='ocrx_word' id='word_1_342' title='bbox 1434 3396 1462 3454; x_wconf 92' lang='grc' dir='ltr'><strong><em>τί</em></strong></span> <span class='ocrx_word' id='word_1_343' title='bbox 1482 3395 1543 3473; x_wconf 83' lang='grc' dir='ltr'><strong><em>γάρ</em></strong></span> <span class='ocrx_word' id='word_1_344' title='bbox 1566 3391 1666 3455; x_wconf 90' lang='grc' dir='ltr'><strong><em>πλέον</em></strong></span> <span class='ocrx_word' id='word_1_345' title='bbox 1689 3394 1806 3480; x_wconf 89' lang='grc' dir='ltr'><strong><em>ζητήσει</em></strong></span> <span class='ocrx_word' id='word_1_346' title='bbox 1829 3421 1882 3470; x_wconf 87' lang='grc' dir='ltr'><strong><em>τις,</em></strong></span> <span class='ocrx_word' id='word_1_347' title='bbox 1903 3403 1932 3459; x_wconf 90' lang='grc' dir='ltr'><strong><em>τί</em></strong></span> 
     </span>
     <span class='ocr_line' id='line_1_29' title="bbox 348 3495 1933 3583; baseline 0.001 -23"><span class='ocrx_word' id='word_1_348' title='bbox 348 3498 383 3560; x_wconf 73' lang='grc' dir='ltr'><strong><em>δὲ</em></strong></span> <span class='ocrx_word' id='word_1_349' title='bbox 404 3497 511 3577; x_wconf 70' lang='grc' dir='ltr'><strong><em>μεῖζον</em></strong></span> <span class='ocrx_word' id='word_1_350' title='bbox 532 3495 656 3579; x_wconf 87' lang='grc' dir='ltr'><strong><em>εῦρήσει</em></strong></span> <span class='ocrx_word' id='word_1_351' title='bbox 678 3500 741 3558; x_wconf 78' lang='grc' dir='ltr'><strong><em>τῶν</em></strong></span> <span class='ocrx_word' id='word_1_352' title='bbox 763 3495 950 3577; x_wconf 72' lang='grc' dir='ltr'><strong><em>ῦρωμένωνς</em></strong></span> <span class='ocrx_word' id='word_1_353' title='bbox 973 3499 1098 3579; x_wconf 82' lang='grc' dir='ltr'><strong><em>μᾶλλον</em></strong></span> <span class='ocrx_word' id='word_1_354' title='bbox 1120 3500 1156 3561; x_wconf 76' lang='grc' dir='ltr'><strong><em>δέ</em></strong></span> <span class='ocrx_word' id='word_1_355' title='bbox 1177 3501 1215 3561; x_wconf 86' lang='grc' dir='ltr'><strong><em>τά</em></strong></span> <span class='ocrx_word' id='word_1_356' title='bbox 1236 3501 1295 3577; x_wconf 77' lang='grc' dir='ltr'><strong><em>μέν</em></strong></span> <span class='ocrx_word' id='word_1_357' title='bbox 1316 3497 1409 3577; x_wconf 88' lang='grc' dir='ltr'><strong><em>μείζω</em></strong></span> <span class='ocrx_word' id='word_1_358' title='bbox 1432 3500 1485 3557; x_wconf 78' lang='grc' dir='ltr'><strong><em>καί</em></strong></span> <span class='ocrx_word' id='word_1_359' title='bbox 1498 3499 1621 3573; x_wconf 90' lang='grc' dir='ltr'><strong><em>κρείττω</em></strong></span> <span class='ocrx_word' id='word_1_360' title='bbox 1636 3498 1791 3573; x_wconf 86' lang='grc' dir='ltr'><strong><em>μειζόνων</em></strong></span> <span class='ocrx_word' id='word_1_361' title='bbox 1813 3503 1834 3583; x_wconf 85' lang='grc' dir='ltr'><strong><em>ῆ</em></strong></span> <span class='ocrx_word' id='word_1_362' title='bbox 1853 3503 1933 3562; x_wconf 81' lang='grc' dir='ltr'><strong><em>καθ’</em></strong></span> 
     </span>
     <span class='ocr_line' id='line_1_30' title="bbox 347 3595 1933 3684; baseline 0.002 -22"><span class='ocrx_word' id='word_1_363' title='bbox 347 3600 429 3683; x_wconf 86' lang='grc' dir='ltr'><strong><em>ῆμάς</em></strong></span> <span class='ocrx_word' id='word_1_364' title='bbox 452 3605 504 3661; x_wconf 75' lang='grc' dir='ltr'><strong><em>καὶ</em></strong></span> <span class='ocrx_word' id='word_1_365' title='bbox 528 3600 712 3678; x_wconf 83' lang='grc' dir='ltr'><strong><em>κρειττόνων</em></strong></span> <span class='ocrx_word' id='word_1_366' title='bbox 734 3597 922 3682; x_wconf 79' lang='grc' dir='ltr'><strong><em>ὀφθαλμῶν</em></strong></span> <span class='ocrx_word' id='word_1_367' title='bbox 944 3603 1010 3664; x_wconf 72' lang='grc' dir='ltr'><strong><em>ἐστὶ</em></strong></span> <span class='ocrx_word' id='word_1_368' title='bbox 1028 3605 1159 3681; x_wconf 87' lang='grc' dir='ltr'><strong><em>θέαμα,</em></strong></span> <span class='ocrx_word' id='word_1_369' title='bbox 1194 3595 1240 3662; x_wconf 80' lang='grc' dir='ltr'><strong><em>τόν</em></strong></span> <span class='ocrx_word' id='word_1_370' title='bbox 1271 3599 1306 3662; x_wconf 91' lang='grc' dir='ltr'><strong><em>ἐν</em></strong></span> <span class='ocrx_word' id='word_1_371' title='bbox 1337 3598 1488 3678; x_wconf 75' lang='grc' dir='ltr'><strong><em>οὐρανοῖς</em></strong></span> <span class='ocrx_word' id='word_1_372' title='bbox 1518 3595 1535 3660; x_wconf 84' lang='grc' dir='ltr'><strong><em>ό</em></strong></span> <span class='ocrx_word' id='word_1_373' title='bbox 1564 3601 1722 3679; x_wconf 87' lang='grc' dir='ltr'><strong><em>μακάριος</em></strong></span> <span class='ocrx_word' id='word_1_374' title='bbox 1744 3612 1933 3684; x_wconf 81' lang='grc' dir='ltr'><strong><em>κατατρυφρῖ</em></strong></span> 
     </span>
     <span class='ocr_line' id='line_1_31' title="bbox 344 3701 1932 3791; baseline 0.003 -26"><span class='ocrx_word' id='word_1_375' title='bbox 344 3707 526 3786; x_wconf 89' lang='grc' dir='ltr'><strong><em>μακαρίως,</em></strong></span> <span class='ocrx_word' id='word_1_376' title='bbox 559 3705 616 3768; x_wconf 89' lang='grc' dir='ltr'><strong><em>σύν</em></strong></span> <span class='ocrx_word' id='word_1_377' title='bbox 647 3701 793 3780; x_wconf 83' lang='grc' dir='ltr'><strong><em>α’γγέλοις</em></strong></span> <span class='ocrx_word' id='word_1_378' title='bbox 822 3705 881 3786; x_wconf 89' lang='grc' dir='ltr'><strong><em>ήδη</em></strong></span> <span class='ocrx_word' id='word_1_379' title='bbox 912 3710 1098 3785; x_wconf 89' lang='grc' dir='ltr'><strong><em>ταττόμενος</em></strong></span> <span class='ocrx_word' id='word_1_380' title='bbox 1126 3709 1179 3766; x_wconf 73' lang='grc' dir='ltr'><strong><em>καί</em></strong></span> <span class='ocrx_word' id='word_1_381' title='bbox 1208 3705 1263 3785; x_wconf 89' lang='grc' dir='ltr'><strong><em>τῆν</em></strong></span> <span class='ocrx_word' id='word_1_382' title='bbox 1294 3704 1422 3765; x_wconf 88' lang='grc' dir='ltr'><strong><em>ἐκείνων</em></strong></span> <span class='ocrx_word' id='word_1_383' title='bbox 1448 3703 1553 3782; x_wconf 87' lang='grc' dir='ltr'><strong><em>χαράν</em></strong></span> <span class='ocrx_word' id='word_1_384' title='bbox 1572 3709 1650 3782; x_wconf 79' lang='grc' dir='ltr'><strong><em>μετὰ</em></strong></span> <span class='ocrx_word' id='word_1_385' title='bbox 1673 3708 1726 3786; x_wconf 89' lang='grc' dir='ltr'><strong><em>τῆς</em></strong></span> <span class='ocrx_word' id='word_1_386' title='bbox 1746 3708 1814 3788; x_wconf 77' lang='grc' dir='ltr'><strong><em>ἴσης</em></strong></span> <span class='ocrx_word' id='word_1_387' title='bbox 1837 3707 1932 3791; x_wconf 85' lang='grc' dir='ltr'><strong><em>δόξης</em></strong></span> 
     </span>
     <span class='ocr_line' id='line_1_32' title="bbox 346 3804 1934 3890; baseline 0.003 -21"><span class='ocrx_word' id='word_1_388' title='bbox 346 3808 582 3890; x_wconf 88' lang='grc' dir='ltr'><strong><em>καρπούμενος,</em></strong></span> <span class='ocrx_word' id='word_1_389' title='bbox 617 3812 670 3866; x_wconf 76' lang='grc' dir='ltr'><strong><em>καὶ</em></strong></span> <span class='ocrx_word' id='word_1_390' title='bbox 699 3813 736 3869; x_wconf 84' lang='grc' dir='ltr'><strong><em>τά</em></strong></span> <span class='ocrx_word' id='word_1_391' title='bbox 767 3810 843 3888; x_wconf 90' lang='grc' dir='ltr'><strong><em>παρ’</em></strong></span> <span class='ocrx_word' id='word_1_392' title='bbox 864 3806 940 3890; x_wconf 80' lang='grc' dir='ltr'><strong><em>ῆμῐν</em></strong></span> <span class='ocrx_word' id='word_1_393' title='bbox 967 3809 998 3870; x_wconf 87' lang='grc' dir='ltr'><strong><em>δ’</em></strong></span> <span class='ocrx_word' id='word_1_394' title='bbox 1017 3808 1103 3888; x_wconf 85' lang='grc' dir='ltr'><strong><em>ὅμως</em></strong></span> <span class='ocrx_word' id='word_1_395' title='bbox 1133 3811 1230 3872; x_wconf 88' lang='grc' dir='ltr'><strong><em>ταῦτα</em></strong></span> <span class='ocrx_word' id='word_1_396' title='bbox 1253 3805 1345 3889; x_wconf 87' lang='grc' dir='ltr'><strong><em>ήλίκα</em></strong></span> <span class='ocrx_word' id='word_1_397' title='bbox 1366 3829 1398 3867; x_wconf 92' lang='grc' dir='ltr'><strong><em>τε</em></strong></span> <span class='ocrx_word' id='word_1_398' title='bbox 1420 3810 1472 3866; x_wconf 77' lang='grc' dir='ltr'><strong><em>καί</em></strong></span> <span class='ocrx_word' id='word_1_399' title='bbox 1495 3804 1556 3866; x_wconf 90' lang='grc' dir='ltr'><strong><em>όσα</em></strong></span> <span class='ocrx_word' id='word_1_400' title='bbox 1576 3811 1630 3866; x_wconf 81' lang='grc' dir='ltr'><strong><em>καί</em></strong></span> <span class='ocrx_word' id='word_1_401' title='bbox 1652 3805 1720 3885; x_wconf 68' lang='grc' dir='ltr'><strong><em>σίας</em></strong></span> <span class='ocrx_word' id='word_1_402' title='bbox 1755 3811 1934 3887; x_wconf 91' lang='grc' dir='ltr'><strong><em>θαυμάτων</em></strong></span> 
     </span>
     <span class='ocr_line' id='line_1_33' title="bbox 345 3907 1932 3995; baseline 0.003 -23"><span class='ocrx_word' id='word_1_403' title='bbox 345 3914 508 3990; x_wconf 84' lang='grc' dir='ltr'><strong><em>ἐνέργειαι,</em></strong></span> <span class='ocrx_word' id='word_1_404' title='bbox 528 3907 679 3989; x_wconf 90' lang='grc' dir='ltr'><strong><em>δυνάμεις</em></strong></span> <span class='ocrx_word' id='word_1_405' title='bbox 694 3910 911 3985; x_wconf 89' lang='grc' dir='ltr'><strong><em>παντοδαπαί,</em></strong></span> <span class='ocrx_word' id='word_1_406' title='bbox 925 3916 1151 3991; x_wconf 83' lang='grc' dir='ltr'><strong><em>τερατουργιιῦν</em></strong></span> <span class='ocrx_word' id='word_1_407' title='bbox 1165 3910 1340 3984; x_wconf 85' lang='grc' dir='ltr'><strong><em>ἐπιδείξεις,</em></strong></span> <span class='ocrx_word' id='word_1_408' title='bbox 1362 3909 1508 3988; x_wconf 87' lang='grc' dir='ltr'><strong><em>ἰαμάτων</em></strong></span> <span class='ocrx_word' id='word_1_409' title='bbox 1523 3913 1711 3988; x_wconf 86' lang='grc' dir='ltr'><strong><em>χαρίσματα,</em></strong></span> <span class='ocrx_word' id='word_1_410' title='bbox 1735 3912 1932 3995; x_wconf 71' lang='grc' dir='ltr'><strong><em>ἀντιλήψεις,</em></strong></span> 
     </span>
     <span class='ocr_line' id='line_1_34' title="bbox 345 4012 1933 4098; baseline 0.003 -22"><span class='ocrx_word' id='word_1_411' title='bbox 345 4015 551 4096; x_wconf 75' lang='grc' dir='ltr'><strong><em>κυβερνήσεις,</em></strong></span> <span class='ocrx_word' id='word_1_412' title='bbox 570 4013 696 4094; x_wconf 88' lang='grc' dir='ltr'><strong><em>δωρεαί,</em></strong></span> <span class='ocrx_word' id='word_1_413' title='bbox 715 4018 912 4095; x_wconf 86' lang='grc' dir='ltr'><strong><em>προστασίαι,</em></strong></span> <span class='ocrx_word' id='word_1_414' title='bbox 929 4016 1153 4097; x_wconf 87' lang='grc' dir='ltr'><strong><em>παρακλήσεις,</em></strong></span> <span class='ocrx_word' id='word_1_415' title='bbox 1171 4014 1365 4092; x_wconf 77' lang='grc' dir='ltr'><strong><em>ἐπισκέψεις,</em></strong></span> <span class='ocrx_word' id='word_1_416' title='bbox 1385 4012 1602 4098; x_wconf 69' lang='grc' dir='ltr'><strong><em>προμήήθειαι,</em></strong></span> <span class='ocrx_word' id='word_1_417' title='bbox 1625 4017 1693 4076; x_wconf 85' lang='grc' dir='ltr'><strong><em>πάν</em></strong></span> <span class='ocrx_word' id='word_1_418' title='bbox 1705 4014 1790 4088; x_wconf 81' lang='grc' dir='ltr'><strong><em>εἰδος</em></strong></span> <span class='ocrx_word' id='word_1_419' title='bbox 1854 4017 1933 4081; x_wconf 74' lang='lat'>300²</span> 
     </span>
     <span class='ocr_line' id='line_1_35' title="bbox 346 4114 1933 4199; baseline 0.001 -19"><span class='ocrx_word' id='word_1_420' title='bbox 346 4118 457 4192; x_wconf 85' lang='grc' dir='ltr'><strong><em>άπλιῦς</em></strong></span> <span class='ocrx_word' id='word_1_421' title='bbox 470 4117 646 4199; x_wconf 83' lang='grc' dir='ltr'><strong><em>εὐεργεσίας</em></strong></span> <span class='ocrx_word' id='word_1_422' title='bbox 657 4122 710 4177; x_wconf 73' lang='grc' dir='ltr'><strong><em>καὶ</em></strong></span> <span class='ocrx_word' id='word_1_423' title='bbox 721 4116 857 4196; x_wconf 89' lang='grc' dir='ltr'><strong><em>χάριτος,</em></strong></span> <span class='ocrx_word' id='word_1_424' title='bbox 875 4117 1010 4199; x_wconf 86' lang='grc' dir='ltr'><strong><em>δημοσία</em></strong></span> <span class='ocrx_word' id='word_1_425' title='bbox 1026 4140 1056 4179; x_wconf 91' lang='grc' dir='ltr'><strong><em>τε</em></strong></span> <span class='ocrx_word' id='word_1_426' title='bbox 1072 4122 1125 4178; x_wconf 81' lang='grc' dir='ltr'><strong><em>καί</em></strong></span> <span class='ocrx_word' id='word_1_427' title='bbox 1140 4114 1219 4190; x_wconf 87' lang='grc' dir='ltr'><strong><em>ἰδέα,</em></strong></span> <span class='ocrx_word' id='word_1_428' title='bbox 1238 4117 1292 4180; x_wconf 89' lang='grc' dir='ltr'><strong><em>τοῦ</em></strong></span> <span class='ocrx_word' id='word_1_429' title='bbox 1306 4119 1424 4189; x_wconf 89' lang='grc' dir='ltr'><strong><em>κοινοῦ,</em></strong></span> <span class='ocrx_word' id='word_1_430' title='bbox 1440 4120 1495 4178; x_wconf 88' lang='grc' dir='ltr'><strong><em>τοῦ</em></strong></span> <span class='ocrx_word' id='word_1_431' title='bbox 1507 4118 1584 4177; x_wconf 88' lang='grc' dir='ltr'><strong><em>καθ’</em></strong></span> <span class='ocrx_word' id='word_1_432' title='bbox 1599 4118 1667 4192; x_wconf 83' lang='grc' dir='ltr'><strong><em>ένα,</em></strong></span> <span class='ocrx_word' id='word_1_433' title='bbox 1684 4125 1746 4180; x_wconf 77' lang='grc' dir='ltr'><strong><em>τῶν</em></strong></span> <span class='ocrx_word' id='word_1_434' title='bbox 1758 4117 1860 4194; x_wconf 90' lang='grc' dir='ltr'><strong><em>ἐγγύς,</em></strong></span> <span class='ocrx_word' id='word_1_435' title='bbox 1871 4122 1933 4181; x_wconf 78' lang='grc' dir='ltr'><strong><em>τῶν</em></strong></span> 
     </span>
     <span class='ocr_line' id='line_1_36' title="bbox 344 4219 1934 4304; baseline 0.001 -21"><span class='ocrx_word' id='word_1_436' title='bbox 344 4224 490 4303; x_wconf 89' lang='grc' dir='ltr'><strong><em>μακράν·</em></strong></span> <span class='ocrx_word' id='word_1_437' title='bbox 517 4222 642 4299; x_wconf 84' lang='grc' dir='ltr'><strong><em>κύματά</em></strong></span> <span class='ocrx_word' id='word_1_438' title='bbox 664 4243 709 4292; x_wconf 92' lang='grc' dir='ltr'><strong><em>τις</em></strong></span> <span class='ocrx_word' id='word_1_439' title='bbox 732 4219 813 4304; x_wconf 83' lang='grc' dir='ltr'><strong><em>ῥᾷον</em></strong></span> <span class='ocrx_word' id='word_1_440' title='bbox 838 4220 1004 4304; x_wconf 89' lang='grc' dir='ltr'><strong><em>θαλάσσης</em></strong></span> <span class='ocrx_word' id='word_1_441' title='bbox 1025 4220 1291 4301; x_wconf 87' lang='grc' dir='ltr'><strong><em>άπαριθμήσαιτο</em></strong></span> <span class='ocrx_word' id='word_1_442' title='bbox 1314 4220 1334 4299; x_wconf 87' lang='grc' dir='ltr'><strong><em>ῆ</em></strong></span> <span class='ocrx_word' id='word_1_443' title='bbox 1356 4219 1436 4279; x_wconf 85' lang='grc' dir='ltr'><strong><em>καθ’</em></strong></span> <span class='ocrx_word' id='word_1_444' title='bbox 1449 4221 1486 4282; x_wconf 76' lang='grc' dir='ltr'><strong><em>ἐν</em></strong></span> <span class='ocrx_word' id='word_1_445' title='bbox 1507 4221 1622 4282; x_wconf 89' lang='grc' dir='ltr'><strong><em>τούτων</em></strong></span> <span class='ocrx_word' id='word_1_446' title='bbox 1638 4223 1770 4283; x_wconf 84' lang='grc' dir='ltr'><strong><em>έκαστον</em></strong></span> <span class='ocrx_word' id='word_1_447' title='bbox 1781 4221 1934 4284; x_wconf 72' lang='grc' dir='ltr'><strong><em>ἐπελθεῖν</em></strong></span> 
     </span>
     <span class='ocr_line' id='line_1_37' title="bbox 345 4319 1933 4408; baseline 0.001 -21"><span class='ocrx_word' id='word_1_448' title='bbox 345 4329 527 4408; x_wconf 79' lang='grc' dir='ltr'><strong><em>ἐξαρκέσει·</em></strong></span> <span class='ocrx_word' id='word_1_449' title='bbox 560 4319 607 4384; x_wconf 83' lang='grc' dir='ltr'><strong><em>ύν</em></strong></span> <span class='ocrx_word' id='word_1_450' title='bbox 628 4319 659 4382; x_wconf 76' lang='grc' dir='ltr'><strong><em>ολ</em></strong></span> <span class='ocrx_word' id='word_1_451' title='bbox 680 4327 856 4400; x_wconf 86' lang='grc' dir='ltr'><strong><em>μετέχοντες</em></strong></span> <span class='ocrx_word' id='word_1_452' title='bbox 878 4322 935 4385; x_wconf 87' lang='grc' dir='ltr'><strong><em>οὐκ</em></strong></span> <span class='ocrx_word' id='word_1_453' title='bbox 959 4322 1205 4406; x_wconf 84' lang='grc' dir='ltr'><strong><em>άνεπαισθήτως</em></strong></span> <span class='ocrx_word' id='word_1_454' title='bbox 1229 4326 1418 4402; x_wconf 86' lang='grc' dir='ltr'><strong><em>μετέχουσιν,</em></strong></span> <span class='ocrx_word' id='word_1_455' title='bbox 1443 4320 1516 4384; x_wconf 78' lang='grc' dir='ltr'><strong><em>ἀλλ’</em></strong></span> <span class='ocrx_word' id='word_1_456' title='bbox 1534 4321 1786 4403; x_wconf 88' lang='grc' dir='ltr'><strong><em>εὐγνωμονοῦσιν</em></strong></span> <span class='ocrx_word' id='word_1_457' title='bbox 1807 4327 1933 4398; x_wconf 81' lang='grc' dir='ltr'><strong><em>εἰκότως</em></strong></span> 
     </span>
     <span class='ocr_line' id='line_1_38' title="bbox 346 4424 1932 4508; baseline 0.001 -19"><span class='ocrx_word' id='word_1_458' title='bbox 346 4435 398 4490; x_wconf 77' lang='grc' dir='ltr'><strong><em>καί</em></strong></span> <span class='ocrx_word' id='word_1_459' title='bbox 421 4426 719 4508; x_wconf 85' lang='grc' dir='ltr'><strong><em>άνθυμολογούνται</em></strong></span> <span class='ocrx_word' id='word_1_460' title='bbox 741 4430 796 4504; x_wconf 88' lang='grc' dir='ltr'><strong><em>τήν</em></strong></span> <span class='ocrx_word' id='word_1_461' title='bbox 817 4425 912 4506; x_wconf 92' lang='grc' dir='ltr'><strong><em>χάριν</em></strong></span> <span class='ocrx_word' id='word_1_462' title='bbox 934 4433 987 4486; x_wconf 77' lang='grc' dir='ltr'><strong><em>καὶ</em></strong></span> <span class='ocrx_word' id='word_1_463' title='bbox 1010 4429 1063 4491; x_wconf 86' lang='grc' dir='ltr'><strong><em>τόν</em></strong></span> <span class='ocrx_word' id='word_1_464' title='bbox 1084 4427 1245 4507; x_wconf 86' lang='grc' dir='ltr'><strong><em>εὐεργέτην</em></strong></span> <span class='ocrx_word' id='word_1_465' title='bbox 1268 4427 1310 4498; x_wconf 83' lang='grc' dir='ltr'><strong><em>ὡς</em></strong></span> <span class='ocrx_word' id='word_1_466' title='bbox 1333 4425 1459 4499; x_wconf 78' lang='grc' dir='ltr'><strong><em>ἔνεστιν,</em></strong></span> <span class='ocrx_word' id='word_1_467' title='bbox 1493 4424 1659 4506; x_wconf 84' lang='grc' dir='ltr'><strong><em>άντιτιμάν</em></strong></span> <span class='ocrx_word' id='word_1_468' title='bbox 1681 4430 1932 4507; x_wconf 89' lang='grc' dir='ltr'><strong><em>προθυμοῦνται.</em></strong></span> 
     </span>
    </p>

    <p class='ocr_par' dir='ltr' id='par_1_5' title="bbox 344 4529 1933 4821">
     <span class='ocr_line' id='line_1_39' title="bbox 435 4529 1933 4614; baseline -0.002 -19"><span class='ocrx_word' id='word_1_469' title='bbox 435 4533 518 4595; x_wconf 70' lang='grc' dir='ltr'><strong><em>8Διδι</em></strong></span> <span class='ocrx_word' id='word_1_470' title='bbox 542 4532 638 4595; x_wconf 83' lang='grc' dir='ltr'><strong><em>ταῦτα</em></strong></span> <span class='ocrx_word' id='word_1_471' title='bbox 659 4536 735 4604; x_wconf 82' lang='grc' dir='ltr'><strong><em>γοῦν</em></strong></span> <span class='ocrx_word' id='word_1_472' title='bbox 758 4530 814 4614; x_wconf 77' lang='grc' dir='ltr'><strong><em>(τός</em></strong></span> <span class='ocrx_word' id='word_1_473' title='bbox 836 4530 943 4612; x_wconf 83' lang='grc' dir='ltr'><strong><em>δρᾶτε)</em></strong></span> <span class='ocrx_word' id='word_1_474' title='bbox 968 4532 1096 4614; x_wconf 90' lang='grc' dir='ltr'><strong><em>πλήρεις</em></strong></span> <span class='ocrx_word' id='word_1_475' title='bbox 1118 4536 1177 4612; x_wconf 77' lang='grc' dir='ltr'><strong><em>μὲν</em></strong></span> <span class='ocrx_word' id='word_1_476' title='bbox 1201 4529 1272 4592; x_wconf 73' lang='grc' dir='ltr'><strong><em>ῦδοι</em></strong></span> <span class='ocrx_word' id='word_1_477' title='bbox 1294 4535 1407 4603; x_wconf 83' lang='grc' dir='ltr'><strong><em>πᾶσαι,</em></strong></span> <span class='ocrx_word' id='word_1_478' title='bbox 1431 4529 1558 4611; x_wconf 88' lang='grc' dir='ltr'><strong><em>πλήρεις</em></strong></span> <span class='ocrx_word' id='word_1_479' title='bbox 1581 4529 1617 4592; x_wconf 76' lang='grc' dir='ltr'><strong><em>δὲ</em></strong></span> <span class='ocrx_word' id='word_1_480' title='bbox 1633 4536 1720 4592; x_wconf 77' lang='grc' dir='ltr'><strong><em>στοαὶ</em></strong></span> <span class='ocrx_word' id='word_1_481' title='bbox 1743 4539 1796 4590; x_wconf 77' lang='grc' dir='ltr'><strong><em>καί</em></strong></span> <span class='ocrx_word' id='word_1_482' title='bbox 1818 4530 1933 4613; x_wconf 81' lang='grc' dir='ltr'><strong><em>α’γοραί</em></strong></span> 
     </span>
     <span class='ocr_line' id='line_1_40' title="bbox 345 4631 1933 4718; baseline -0.003 -19"><span class='ocrx_word' id='word_1_483' title='bbox 345 4644 398 4699; x_wconf 75' lang='grc' dir='ltr'><strong><em>καὶ</em></strong></span> <span class='ocrx_word' id='word_1_484' title='bbox 421 4641 587 4718; x_wconf 87' lang='grc' dir='ltr'><strong><em>περίπατοι</em></strong></span> <span class='ocrx_word' id='word_1_485' title='bbox 609 4637 671 4696; x_wconf 86' lang='grc' dir='ltr'><strong><em>τιῦν</em></strong></span> <span class='ocrx_word' id='word_1_486' title='bbox 692 4635 850 4698; x_wconf 84' lang='grc' dir='ltr'><strong><em>κυκλόθεν</em></strong></span> <span class='ocrx_word' id='word_1_487' title='bbox 873 4636 1019 4699; x_wconf 88' lang='grc' dir='ltr'><strong><em>ἐνταῦθα</em></strong></span> <span class='ocrx_word' id='word_1_488' title='bbox 1042 4635 1274 4716; x_wconf 87' lang='grc' dir='ltr'><strong><em>συντρεχόντων</em></strong></span> <span class='ocrx_word' id='word_1_489' title='bbox 1295 4638 1349 4694; x_wconf 77' lang='grc' dir='ltr'><strong><em>καὶ</em></strong></span> <span class='ocrx_word' id='word_1_490' title='bbox 1370 4632 1576 4714; x_wconf 86' lang='grc' dir='ltr'><strong><em>συρρεόντων,</em></strong></span> <span class='ocrx_word' id='word_1_491' title='bbox 1605 4641 1658 4695; x_wconf 75' lang='grc' dir='ltr'><strong><em>καί</em></strong></span> <span class='ocrx_word' id='word_1_492' title='bbox 1680 4636 1834 4712; x_wconf 86' lang='grc' dir='ltr'><strong><em>ποταμεῦν</em></strong></span> <span class='ocrx_word' id='word_1_493' title='bbox 1855 4631 1933 4696; x_wconf 76' lang='grc' dir='ltr'><strong><em>ἑκά-</em></strong></span> 
     </span>
     <span class='ocr_line' id='line_1_41' title="bbox 344 4735 1933 4821; baseline -0.001 -20"><span class='ocrx_word' id='word_1_494' title='bbox 344 4757 427 4803; x_wconf 90' lang='grc' dir='ltr'><strong><em>στοτε</em></strong></span> <span class='ocrx_word' id='word_1_495' title='bbox 450 4739 592 4821; x_wconf 80' lang='grc' dir='ltr'><strong><em>ῥεύματα</em></strong></span> <span class='ocrx_word' id='word_1_496' title='bbox 615 4748 754 4816; x_wconf 71' lang='grc' dir='ltr'><strong><em>μιμεῖται</em></strong></span> <span class='ocrx_word' id='word_1_497' title='bbox 777 4738 814 4800; x_wconf 82' lang='grc' dir='ltr'><strong><em>τύ</em></strong></span> <span class='ocrx_word' id='word_1_498' title='bbox 838 4736 970 4818; x_wconf 87' lang='grc' dir='ltr'><strong><em>πλήθη,</em></strong></span> <span class='ocrx_word' id='word_1_499' title='bbox 1002 4739 1024 4800; x_wconf 76' lang='grc' dir='ltr'><strong><em>δι’</em></strong></span> <span class='ocrx_word' id='word_1_500' title='bbox 1051 4741 1131 4800; x_wconf 88' lang='grc' dir='ltr'><strong><em>καθ’</em></strong></span> <span class='ocrx_word' id='word_1_501' title='bbox 1154 4736 1238 4819; x_wconf 85' lang='grc' dir='ltr'><strong><em>άπερ</em></strong></span> <span class='ocrx_word' id='word_1_502' title='bbox 1267 4738 1312 4811; x_wconf 87' lang='grc' dir='ltr'><strong><em>εἰς</em></strong></span> <span class='ocrx_word' id='word_1_503' title='bbox 1335 4737 1437 4819; x_wconf 87' lang='grc' dir='ltr'><strong><em>άλλην</em></strong></span> <span class='ocrx_word' id='word_1_504' title='bbox 1460 4737 1726 4818; x_wconf 89' lang='grc' dir='ltr'><strong><em>συνεισβάλλοντα</em></strong></span> <span class='ocrx_word' id='word_1_505' title='bbox 1758 4735 1933 4799; x_wconf 88' lang='grc' dir='ltr'><strong><em>θάλασσαν</em></strong></span> 
     </span>
    </p>
   </div>
   <div class='ocr_carea' id='block_1_3' title="bbox 416 4864 609 4926">
    <p class='ocr_par' dir='ltr' id='par_1_6' title="bbox 416 4864 609 4926">
     <span class='ocr_line' id='line_1_42' title="bbox 416 4864 609 4926; baseline -0.026 -9"><span class='ocrx_word' id='word_1_506' title='bbox 416 4884 429 4917; x_wconf 89' lang='lat'><em>2</em></span> <span class='ocrx_word' id='word_1_507' title='bbox 449 4864 519 4917; x_wconf 85' lang='lat' dir='ltr'><strong><em>Rom</em></strong></span> <span class='ocrx_word' id='word_1_508' title='bbox 540 4882 577 4926; x_wconf 85' lang='grc' dir='ltr'><strong><em>ιτ,</em></strong></span> <span class='ocrx_word' id='word_1_509' title='bbox 599 4880 609 4912; x_wconf 87' lang='grc' dir='ltr'><strong><em>τ</em></strong></span> 
     </span>
    </p>
   </div>
   <div class='ocr_carea' id='block_1_4' title="bbox 0 0 2290 6164">
    <p class='ocr_par' dir='ltr' id='par_1_7' title="bbox 0 0 2290 6164">
     <span class='ocr_line' id='line_1_43' title="bbox 0 0 2290 6164; baseline 0 0"><span class='ocrx_word' id='word_1_510' title='bbox 0 0 2290 6164; x_wconf 95' lang='lat' dir='ltr'><strong><em> </em></strong></span> 
     </span>
    </p>
   </div>
  </div>
 </body>
</html>
