4560 6172
360 595 444 662 1⁸5
1877 583 1935 661 167

362 766 518 847 σχῆματος
539 765 585 829 δτι
609 769 687 828 θεῖα
710 768 1015 851 παρασημαίνοντα·
1044 765 1152 828 λευκαί
1172 769 1252 844 γοῦν
1274 763 1354 853 οέῆον
1377 764 1497 841 ἀκτῖνες
1518 766 1562 840 εἰς
1584 765 1667 832 πολύ
1687 789 1797 850 παρα·
1861 768 1938 836 233¹

360 874 509 945 τείνουσι,
543 872 609 933 κατ’
631 868 725 935 οὐδέν
745 894 773 934 τι
796 872 1026 951 συμβαίνουσαι
1047 873 1085 958 τῆ
1106 873 1262 954 συνηθείᾳ
1279 873 1332 953 τῆς
1351 869 1476 952 ὄφεως,
1498 875 1557 933 είτε
1581 870 1721 950 ῥάβδους
1742 869 1938 955 εῦθότητος*,

358 974 585 1058 σκρεβλοτῆτων
606 958 935 1056 κακίαςδρθωιικάς,
963 977 1022 1038 εἴτε
1053 978 1106 1036 καὶ
1129 973 1304 1048 δακτύλους
1332 975 1439 1050 θεοῦ*,
1469 974 1668 1050 κολαστικοῦς
1688 978 1751 1038 τῶν
1772 973 1938 1058 ἀφρόνων,

356 1079 416 1141 εἴτε
437 1103 465 1142 τι
487 1078 567 1143 ἀλλο
586 1084 725 1149 τοιοῦτον
745 1077 941 1160 ὀνομαστέον
961 1077 1073 1151 ταύτας
1095 1083 1151 1140 καί
1172 1082 1344 1159 νομιστέον,
1368 1080 1495 1153 πάντως
1516 1079 1545 1142 δ’
1568 1080 1657 1160 οίμαι
1680 1079 1829 1161 δυνάμεις
1850 1083 1938 1154 πνάς

358 1183 562 1267 απειλητικάς
580 1209 612 1248 τε
633 1190 687 1247 καί
709 1184 860 1267 φοβερός,
882 1187 1003 1267 κίνησιν
1025 1185 1104 1247 θεοῦ
1126 1181 1344 1265 σφοδροτάτην
1365 1182 1517 1265 έμφανοῦς
1533 1182 1763 1268 σημαινούσας·
1794 1183 1937 1264 αἱμάτων

359 1309 389 1350 τε
409 1287 520 1365 βόλοι,
553 1291 631 1352 κατά
664 1292 719 1372 γῆς
747 1286 803 1352 οῦκ
833 1287 893 1350 οίδ
922 1288 1004 1349 ὅθεν
1032 1295 1169 1365 συνεχεῖς
1197 1287 1376 1358 πίπτοντες*
1407 1293 1461 1348 καί
1489 1289 1526 1350 τά
1556 1277 1703 1373 s‘da‘goq'ie
1725 1291 1936 1371 φοινίσσοντες

359 1388 439 1471 ὁμοῦ
460 1397 514 1453 καί
534 1391 753 1473 μελαίνοντες,
787 1389 960 1469 σταλαγμοί
990 1411 1068 1462 τινες
1096 1388 1201 1473 φόνου
1223 1399 1287 1462 τοῖς
1308 1387 1396 1470 δρθά
1419 1390 1572 1469 βλέπουσι
1594 1397 1648 1454 καί
1670 1393 1865 1477 πραγμάτων
1884 1384 1936 1454 ὀί-

358 1497 486 1558 κτίστων
508 1493 662 1579 ἀψευδεῖς
685 1495 829 1577 κη’ρυκες,
860 1496 1022 1572 πανταχοῦ
1045 1491 1157 1572 σχεδόν
1179 1491 1238 1575 ῆδη
1260 1496 1314 1554 καί
1336 1497 1435 1555 πᾶσιν
1456 1496 1718 1579 ἐπιφαινόμενοι·
1753 1495 1855 1579 πλῆρη
1877 1499 1936 1575 μὲν

358 1593 429 1680 ῦερά
450 1621 481 1661 τε
503 1603 557 1660 καί
577 1604 687 1683 τεμένη
710 1602 762 1660 καί
785 1598 872 1674 ἅγια,
896 1596 1023 1681 πλῆρετς
1045 1597 1073 1660 δ’
1095 1595 1211 1676 ἀγοραί
1232 1602 1285 1658 καί
1307 1598 1423 1675 οίκίαι,
1447 1601 1574 1683 πλῆρεις
1597 1601 1633 1663 δὲ
1653 1605 1741 1664 στοαὶ
1763 1607 1817 1663 καί
1839 1598 1936 1664 αῦλαί

357 1708 411 1766 καὶ
440 1707 606 1785 περίπατοι
637 1710 690 1767 καί
720 1704 827 1780 ἀλίγον
857 1702 925 1767 δεῖν
954 1707 1049 1775 τόπος
1076 1701 1164 1780 άπας
1191 1706 1254 1766 ταῖν
1283 1701 1340 1766 ἀπ’
1369 1704 1508 1785 ούρανοῦ
1536 1708 1713 1788 προσείων.
1766 1705 1814 1768 9τί
1843 1705 1871 1768 δ’
1894 1709 1936 1768 ἀν

357 1813 429 1888 περὶ
452 1811 551 1870 θείων
572 1832 616 1881 τις
636 1813 720 1872 είποι
742 1807 910 1886 συμβόλων
940 1812 992 1868 καί
1014 1811 1221 1886 τυπωμάτων,
1252 1807 1288 1868 έν
1315 1805 1461 1884 εῦαγέσιν
1488 1807 1622 1892 ἐδάφεσι
1630 1801 1661 1839 ⁸¹⁰
1691 1810 1790 1886 πλαξί
1820 1833 1852 1873 τε
1882 1815 1935 1872 καί

357 1915 470 1991 τοίχοις
491 1910 622 1992 ἀθρόον
644 1912 896 1995 έκφαινομένων,
929 1917 983 1974 ίνα
1006 1911 1180 1975 κάντεῦθεν
1203 1911 1282 1990 τάχα
1305 1916 1421 1994 φανείη
1442 1914 1480 1976 τό
1503 1912 1580 1990 ἀγια
1602 1915 1790 2002 συμπαΙτοῦ-
1855 1915 1935 1982 233³

355 2017 473 2096 μενα*,·
494 2020 522 2078 τί
536 2015 572 2078 δὲ
587 2022 659 2098 περί
680 2016 905 2099 μορφωμάτων
926 2014 1026 2092 ἀγίων
1045 2015 1219 2096 μεταβολῆς
1241 2019 1293 2076 καί
1314 2018 1446 2101 τροπῆς,
1468 2017 1754 2093 ἐπιστυγναζόντων
1775 2019 1849 2105 ῆμίν
1871 2018 1933 2085 ῦπτί

357 2122 562 2199 συμπαθείας
584 2119 638 2184 διά
661 2122 715 2184 τόν
736 2120 894 2194 κίνδυνον,
928 2123 998 2200 περί
1019 2124 1156 2200 γραφῶν
1176 2142 1207 2182 τε
1228 2121 1363 2195 καινοῦν,
1396 2118 1641 2200 ἀναδιδομένων
1662 2122 1697 2185 έκ
1718 2129 1783 2207 γῆς,
1806 2126 1868 2186 κάν
1888 2129 1931 2208 μῆ

356 2225 411 2286 τὸν
432 2223 632 2305 έγγράφοντα
654 2224 767 2298 ταύτας
796 2223 998 2305 ἀστράγαλον
1026 2222 1246 2305 ἀνθρωπίνοις
1274 2224 1318 2298 ὡς
1345 2227 1438 2306 πρίν*
1468 2222 1658 2305 ὀφθαλμοῖς
1687 2227 1743 2316 έξῆ
1771 2230 1933 2310 καθορᾶν,

354 2326 435 2410 μηδέ
456 2351 500 2401 τις
520 2327 695 2412 εἰρίσκηται
718 2335 770 2391 καί
794 2333 851 2392 νῦν
873 2327 1004 2409 Δανιῆλ,
1028 2330 1197 2409 σοφισθείς
1210 2329 1248 2389 τά
1264 2333 1391 2393 τοιαῦτα
1406 2333 1495 2410 παρά
1514 2331 1602 2403 θεοῦ,
1625 2332 1665 2391 ίν’
1680 2330 1746 2410 ἔχοι
1762 2336 1934 2414 προχείρως

356 2430 499 2495 διαλύειν
520 2432 713 2513 συνδέσμους
735 2436 789 2494 καί
810 2430 1023 2508 ἀπαγγέλλειν
1043 2432 1266 2514 κρατούμενα*.

445 2535 522 2598 ιθ’ίί
542 2543 583 2618 μῆ
607 2536 688 2612 λέγω
710 2541 744 2598 τό
765 2539 846 2616 μέγα
871 2539 987 2615 θαῦμα
1010 2540 1063 2597 καί
1085 2539 1234 2616 πρᾶγμα,
1256 2538 1290 2599 τδ
1312 2539 1366 2600 τοῦ
1388 2537 1510 2616 κόσμου
1533 2535 1694 2618 σωτῆριον,
1716 2539 1771 2620 τῆν
1792 2541 1845 2603 τοῦ
1868 2540 1935 2601 θα-

355 2639 452 2701 νάτου
475 2642 675 2722 καθαίρεσιν,
702 2643 757 2721 τῆν
778 2646 830 2722 τῆς
852 2637 930 2720 ζωῆς
952 2639 1110 2721 ἀπαρχῆν,
1144 2639 1178 2701 τό
1201 2641 1255 2721 τῆς
1274 2637 1411 2722 μεγάλης
1433 2638 1537 2722 πάλης
1558 2643 1613 2701 καί
1635 2643 1722 2724 νίκης
1742 2640 1884 2721 ὄργανόν
1904 2665 1935 2705 τε

356 2745 411 2804 καί
438 2743 594 2825 τρόπαιον
622 2742 678 2809 οῦκ
705 2744 749 2807 ε’τι
771 2742 815 2807 δι’
833 2740 974 2823 ἀστέρων
993 2743 1029 2805 έν
1051 2739 1199 2823 οάρανοῖς
1221 2741 1449 2820 καινιζόμενον,
1479 2741 1552 2805 ἀλλ’
1573 2742 1641 2806 ἐκεῖ
1666 2746 1725 2823 μέν
1747 2744 1792 2818 είς
1814 2745 1857 2808 ἔτι
1880 2748 1935 2831 τῆν

354 2844 451 2928 αύτῆν
472 2847 572 2927 σῷζον
593 2849 684 2924 τάξιν
705 2854 758 2910 καί
781 2849 877 2928 φύσιν
899 2846 975 2927 μετά
998 2851 1051 2931 τῆς
1072 2843 1184 2927 ὁμοίας
1206 2846 1423 2931 λαμπρότητος
1445 2846 1538 2935 (οὕτω
1565 2852 1626 2929 γάρ
1655 2849 1717 2924 έγά
1747 2849 1933 2937 πείθομαι),

352 2950 498 3017 ἐνταῦθα
520 2953 556 3016 δδ
579 2954 660 3018 πολὺ
681 2958 736 3018 τοῦ
758 2955 921 3033 συνῆθονς
945 2954 1166 3033 καινοπρεπῦς
1186 2951 1389 3032 ἐξιστάμενον
1411 2958 1464 3014 καί
1485 2951 1632 3032 παλμούς
1647 2975 1733 3025 τινας
1748 2955 1857 3026 ξένους
1880 2957 1935 3016 καί

353 3052 487 3131 κλόνους
515 3056 672 3132 έξαισίους
700 3060 753 3118 καὶ
782 3055 916 3138 τρόμους
943 3055 1093 3130 ἀπίστους
1114 3056 1149 3118 έκ
1170 3059 1223 3120 τοῦ
1250 3059 1326 3130 τέως
1352 3055 1506 3138 ἀτρέπτου
1536 3060 1590 3118 καί
1622 3053 1771 3140 ἀκινῆτου
1798 3056 1935 3120 κλονοιί-

351 3181 449 3242 μενον
480 3165 533 3222 καί
561 3161 605 3235 εἰς
635 3173 761 3247 σημεῖον
795 3165 848 3223 καὶ
880 3164 1035 3242 τέρας-
1063 3159 1193 3225 πολλῶν
1221 3161 1344 3243 τρόμων
1377 3161 1470 3235 ἀξιον
1500 3159 1673 3222 ἀλλων-
1698 3159 1702 3246 1
1726 3169 1789 3233 τοῖς
1853 3161 1932 3226 234²

351 3261 543 3345 ἀνθρώποις
565 3265 768 3348 δεικνύμενον
774 3293 786 3344 ,·
808 3267 922 3347 μικροῦ
944 3268 1022 3341 γοῦν
1044 3265 1126 3328 ἔστιν
1147 3263 1249 3338 οῦδείς
1271 3265 1305 3337 ὃς
1321 3263 1358 3330 οῦ
1373 3267 1501 3341 γέγονεν
1516 3262 1670 3346 αὐτόπτης
1691 3267 1744 3328 τοῦ
1767 3267 1935 3344 θαύματος

352 3372 406 3430 καί
429 3373 508 3449 πρός
528 3371 623 3454 τούτῳ
646 3374 708 3432 τοίν
730 3369 840 3431 ἀλλων
863 3370 997 3448 τεράτων
1019 3373 1072 3431 καί
1095 3371 1297 3447 θαυμασίων,
1328 3364 1401 3430 ἀλλ’
1423 3367 1525 3432 ἀλλον
1547 3367 1729 3451 φθάνοντες
1759 3366 1858 3441 ἀλλος
1879 3367 1934 3431 έπὶ

350 3477 406 3555 τῆν
428 3476 514 3535 θέαν
535 3478 755 3555 συνέρρευσαν,
784 3477 838 3534 καί
869 3471 1010 3554 συνῆλθε
1041 3479 1074 3535 τό
1104 3471 1235 3556 πλῆθος
1259 3476 1314 3534 καί
1336 3473 1510 3556 συνεχύθη,
1545 3471 1670 3553 μάλλον
1692 3468 1729 3533 δὲ
1751 3481 1859 3553 συρρεῖ
1879 3479 1932 3535 καί

350 3580 517 3657 συντρέχει,
539 3556 749 3658 πανταχόθεν
771 3577 1047 3658 κατεπειγόμενον·
1082 3581 1135 3638 καί
1158 3574 1290 3656 δρῶντες
1311 3581 1371 3658 μὲν
1392 3575 1677 3659 καταπλῆττονται,
1713 3574 1933 3654 θαυμάζοντες

351 3679 387 3743 δὲ
416 3683 495 3761 πρὸς
529 3685 567 3745 τό
601 3681 782 3763 βλεπόμενα
809 3684 989 3765 φρίττουσιν
1022 3678 1090 3744 ἀπδ
1120 3682 1225 3765 φόβου
1254 3685 1308 3742 καὶ
1337 3680 1529 3764 προσδοκίας
1556 3683 1618 3743 τῶν
1646 3679 1868 3762 ἐπερχομένων
1894 3685 1933 3772 τῆ

350 3784 535 3873 οίκουμενη,
568 3781 614 3848 ἀν
634 3785 762 3851 οόδέπω
786 3790 956 3865 παρόντων
987 3783 1117 3868 ἀψευδῆ
1148 3788 1185 3848 τά
1215 3785 1360 3866 παρόντα
1391 3788 1556 3849 ποιοῦνται
1584 3787 1772 3867 μηνύματα,
1803 3783 1932 3869 σφόδρα

348 3890 556 3969 περὶτούτων
578 3897 768 3972 φρονοῦντες
789 3889 900 3971 ὀρθῶς
921 3912 953 3951 τε
974 3894 1027 3952 καί
1050 3891 1276 3971 συμφερόντως
1297 3889 1394 3974 (κατά
1414 3912 1449 3968 γε
1471 3888 1574 3964 δόξαν
1594 3886 1697 3971 έμῆν),
1719 3887 1749 3950 εί
1770 3893 1823 3950 καί
1845 3911 1932 3971 χαρι-

348 3991 476 4073 σμάτων
497 4016 541 4067 τις
564 3993 699 4073 δύναμις
720 3995 848 4057 ἐκεῖθεν
869 3992 1045 4056 ἐκδίδοται·
1079 3998 1132 4054 καί
1159 3994 1222 4074 γάρ
1251 4015 1315 4056 που
1344 3996 1398 4054 καί
1427 3995 1513 4057 τοῦτο
1535 3996 1713 4076 προμηθοῦς
1735 3993 1793 4076 (ὥς
1814 3992 1929 4076 ἔοικεν)

349 4095 553 4182 ρίκονόμησεν
575 4099 592 4161 δ
616 4101 717 4181 σοφός
739 4095 828 4181 ῆμοίν
851 4096 1019 4180 παιδευτῆς
1042 4119 1072 4160 τε
1095 4101 1148 4159 καὶ
1170 4098 1365 4180 κυβερνήτης,
1389 4097 1423 4159 έκ
1444 4099 1507 4159 τοῖν
1520 4099 1689 4179 γνωρίμων
1710 4093 1794 4180 ῆμάς
1815 4094 1931 4182 δδηγη-

348 4204 450 4286 θῆναι
472 4206 552 4282 πρός
575 4206 612 4266 τά
632 4202 675 4287 μῆ
699 4207 854 4284 γνοίριμα.
902 4202 927 4240 ¹¹
939 4200 1009 4264 έπεὶ
1039 4203 1101 4283 γάρ
1131 4199 1213 4285 αὐτῷ
1243 4203 1277 4263 τό
1305 4204 1366 4282 μέν
1394 4197 1561 4281 εῦεργετείν
1590 4202 1669 4261 κατά
1701 4201 1805 4282 φύσιν,
1838 4186 1928 4281 παρὰ

346 4303 443 4389 φύσιν
464 4307 500 4370 δὲ
521 4309 555 4371 τό
579 4306 732 4382 κολάζειν,
754 4305 809 4370 διά
832 4309 894 4369 τῶν
907 4304 1032 4368 οίκείων
1046 4304 1151 4388 ὥσπερ
1174 4311 1227 4368 καὶ
1249 4307 1394 4390 φυσικόν
1406 4305 1578 4384 βεβαιοῖτό
1594 4300 1782 4390 ἀλλόμριον,
1848 4305 1928 4370 234²

346 4415 401 4473 καί
422 4415 464 4495 τῷ
487 4415 633 4491 θαύματι
655 4416 815 4477 πιστοῦται
837 4414 871 4473 τό
895 4414 1019 4489 θαῦμα,
1041 4416 1095 4472 καί
1116 4420 1180 4483 τοῖς
1200 4420 1342 4494 χρηστοῖς
1363 4408 1401 4472 τά
1417 4406 1505 4471 δεινά
1519 4405 1732 4492 κηδεμονικῶς
1747 4405 1927 4491 ἀναπαρε-

343 4518 480 4599 τίθησιν,
513 4517 554 4578 ίν’
578 4519 597 4597 ῆ
617 4516 733 4590 τούτοις
754 4515 836 4600 ῆμάς
859 4514 1027 4603 καταιδέση
1051 4517 1072 4598 ῆ
1093 4514 1239 4598 φοβησας
1265 4512 1396 4587 έκείνοις
1424 4511 1606 4596 έκβιάσηται
1636 4509 1717 4592 πρός
1737 4511 1925 4593 διόρθωσιν,

345 4617 431 4707 δείξῃ
453 4618 490 4683 δὲ
512 4624 565 4682 καί
587 4618 754 4703 ἀμφότερα
778 4619 795 4682 ό
818 4617 914 4693 αύτῦς
935 4616 1080 4700 ένεργοίν,
1109 4620 1171 4681 κάν
1193 4618 1230 4683 ού
1252 4619 1329 4701 μετά
1360 4621 1412 4701 τῆς
1441 4614 1535 4701 αὐτῆς
1557 4615 1752 4691 διαθέσεως,
1783 4610 1868 4678 ἀλλά
1890 4594 1934 4679 τό

345 4725 405 4804 μέν
427 4727 702 4806 προθυμούμενος,
723 4729 757 4787 τδ
780 4723 816 4787 δε
834 4721 1032 4804 βιαζόμενος.
1055 4721 1109 4786 διά
1131 4728 1219 4788 τοῦτο
1242 4726 1352 4806 κράσις
1374 4727 1428 4786 καί
1448 4725 1532 4804 μίξις
1552 4725 1614 4785 τάν
1635 4719 1787 4783 έναντίων
1808 4724 1923 4802 παρά-

343 4826 447 4904 δοξος,
469 4832 512 4913 τηί
534 4829 707 4914 κολαστικῷ
730 4835 807 4910 πυρί
827 4829 922 4914 τούτῳ
944 4830 999 4891 τού
1020 4831 1073 4911 τῆς
1093 4825 1268 4909 εὐεργεσίας
1290 4828 1396 4911 φωτός
1415 4826 1733 4910 συνανακεκραμένου
1754 4829 1809 4887 καί
1828 4841 1924 4889 συνυ-

418 4955 432 5004 8
451 4951 765 5023 ΡεαίωμδγίίΕτοδ
779 4958 802 5019 8,
816 4951 942 5022 ιηΙῖί]ι
955 4952 984 5008 in
997 4953 1131 5024 margyo'
1144 4951 1336 5022 πίπτονταιῆη
1355 4950 1452 5016 θεαί,
1467 4947 1625 5017 τςΙηῦεο
1645 4969 1667 5018 5,
1687 4967 1700 5016 5
1717 4949 1753 5018 ’,9
1770 4947 1832 5004 Dan
1849 4967 1873 5016 5,
1894 4968 1921 5018 ¹³
