4560 6172
197 617 283 689 100
1708 619 1768 684 133

196 789 215 874 ή
237 792 328 873 χάρις
349 793 401 854 τοῦ
425 794 504 854 θεοῦ
525 790 589 853 τύν
610 788 787 868 δυνάμεων,
815 788 849 851 τό
871 791 946 869 πρὶν
967 787 1056 869 οίμαι
1078 791 1131 854 τοῦ
1160 787 1278 870 ἀνδρός
1307 786 1499 871 ἐπιτήδευμα
1531 792 1585 849 καὶ
1610 795 1687 870 μετὰ
1716 793 1771 876 τήν

196 898 281 959 κάτω
304 898 466 975 στρατείαν
487 892 530 956 έτι
551 897 709 974 τιμῶντος.

285 997 388 1060 λάλλά
411 1001 586 1079 ταῦταμὲν
607 996 667 1080 ήδη
695 998 733 1059 τά
762 995 917 1075 πολεμικά
940 994 1175 1077 κατορθώματα
1202 999 1256 1062 τοῦ
1276 992 1409 1080 ἀκτήτου
1431 996 1520 1062 τούδε
1542 1004 1766 1080 τρισαριστέως,

196 1104 233 1165 ἐν
253 1103 360 1190 ελρήνη
384 1101 420 1164 δέ
439 1105 486 1180 τίς
519 1105 573 1163 καλ
594 1103 739 1172 ποταπός
760 1122 805 1173 τις
825 1098 996 1181 εὑρίσκεται
1017 1101 1095 1162 κατδ
1117 1103 1233 1182 καιρόν
1253 1111 1316 1173 τοίς
1337 1100 1373 1163 ἐν
1394 1103 1504 1182 χρείας
1540 1101 1629 1166 αὑτοὶ
1650 1105 1687 1166 τά
1711 1127 1770 1166 κα-

199 1210 295 1290 θεξής
315 1207 463 1272 ἐντεῦθεν
485 1203 690 1281 διαλαβόντες
711 1202 810 1276 ἄλλος
831 1202 911 1265 ἀλλο
938 1226 965 1265 τι
987 1205 1048 1264 τόν
1067 1207 1266 1283 μαρτνρικύν
1286 1204 1460 1283 μεγαλείων
1481 1205 1693 1285 ἐπεξηγεῖσθε,
1716 1214 1769 1270 καὶ

198 1322 381 1392 συμπονείτε
403 1313 445 1395 τῴ
467 1308 550 1392 λόγῳ
573 1312 653 1387 πρός
674 1309 707 1369 τό
732 1307 859 1389 πλῆθος
880 1305 1065 1382 ίλιγγιόντι·
1100 1314 1223 1386 συχνῶν
1243 1308 1304 1387 γάρ
1327 1306 1450 1387 ήμεροόν
1472 1306 1525 1370 διό
1551 1312 1659 1373 τοῦτον
1679 1311 1767 1394 ελρη-

200 1420 295 1477 νικῶν
316 1413 531 1492 ἀπηλαόσατε,
564 1417 617 1474 καὶ
650 1409 810 1493 δαψιλοῦς
830 1413 883 1490 τῆς
903 1409 1051 1472 ἐντεῦθεν
1078 1411 1327 1493 κατετρυφήσατε
1354 1411 1495 1493 χάριτος,
1531 1410 1607 1474 ἀστε
1635 1416 1699 1487 πάς
1727 1418 1769 1476 ἀν

199 1517 293 1602 είδείη
314 1541 358 1583 τις
379 1522 432 1579 καὶ
455 1517 570 1599 ἔπηλυς
592 1520 645 1577 καὶ
667 1511 817 1593 ἐγχάριος
837 1514 871 1574 τὸ
895 1510 1104 1574 παντοδαπόν
1131 1535 1162 1574 τε
1195 1519 1248 1575 καί
1278 1513 1428 1579 πλούσιον
1455 1518 1518 1576 τάν
1546 1521 1601 1581 τοῦ
1623 1517 1767 1601 ἀθλητοῦ

198 1625 373 1701 τεραστίων,
397 1621 456 1683 όσα
478 1625 537 1700 μὲν
558 1619 655 1698 ὕπαρ,
680 1617 748 1702 όήσα
771 1614 807 1677 δέ
829 1616 921 1695 όναρ,
943 1614 1004 1678 ὅσα
1024 1618 1099 1694 μεθ’
1119 1613 1252 1699 ήμέραν,
1286 1616 1346 1679 ὅσα
1368 1619 1486 1692 νυκτός,
1509 1625 1562 1680 καλ
1585 1620 1625 1682 δι’
1693 1624 1768 1688 176ι

198 1723 311 1806 ἑτέρων
332 1725 454 1803 ἑτέρους
475 1722 536 1785 ὅσα
559 1725 612 1784 καί
634 1718 692 1783 θλίτ
709 1724 761 1779 καὶ
783 1720 860 1779 καθ’
881 1716 1011 1791 ὑαλίῐθῧς
1033 1716 1129 1792 αὖθις
1149 1719 1267 1793 ἄλλους
1287 1718 1322 1784 εὖ
1344 1725 1514 1804 πεποίηκεν
1534 1725 1680 1799 ὑκαίίῦθν,
1710 1724 1768 1790 θῦκ

199 1826 398 1907 ἀνθρώπους
420 1828 532 1906 μόνον,
555 1825 638 1888 ἀλλὰ
662 1829 714 1885 καὶ
737 1824 851 1895 οίκους,
875 1820 948 1886 οὐδὲ
970 1824 1075 1895 οἴκους
1094 1824 1204 1903 μόνον,
1227 1822 1312 1886 ἀλλά
1334 1829 1387 1886 καὶ
1410 1826 1525 1901 πόλεις,
1548 1827 1642 1890 ἔτιδὲ
1661 1833 1768 1912 χοίρας

199 1930 389 2013 ὁλοκλήρους
423 1936 476 1992 καὶ
504 1930 586 2011 ἔθνη
619 1931 638 2010 η’
667 1929 772 2007 κοινῆς
804 1927 824 2008 η’
850 1924 935 1998 ίδίας
972 1929 1138 2009 συμφοράς
1168 1925 1361 2003 ἀπαλλάξας
1392 1935 1445 1990 καὶ
1474 1931 1572 2013 σωτήρ
1602 1930 1706 2006 αὑτοῖς
1733 1934 1769 1997 ἐν

199 2035 354 2110 ἀνάγκαις
375 2035 541 2115 ἐπιφανεὶς
563 2037 616 2093 καὶ
638 2030 821 2110 γενόμενος,
853 2034 907 2090 ίνα
937 2027 1025 2113 ζηόων
1055 2029 1185 2108 ἀλόγων
1211 2031 1389 2111 ἐπιμελείας
1417 2032 1590 2113 παρέλθω,
1623 2035 1692 2098 ἐπεὶ
1714 2043 1768 2100 καὶ

196 2142 304 2219 μέχρις
326 2135 428 2202 αὐτῶν
450 2135 467 2198 δ
491 2133 620 2211 ἀγαθός
641 2133 767 2197 ἐκτείνει
787 2134 821 2194 τὸ
846 2136 1024 2213 συμπαθές.
1046 2131 1117 2196 ἀλλ’
1138 2133 1213 2217 ήμίν
1235 2137 1315 2216 πρδς
1335 2136 1391 2198 τδν
1412 2136 1544 2199 ἔπαινον
1566 2138 1692 2221 ἀπόχρη
1713 2146 1767 2202 καὶ

196 2240 305 2314 τάλλα,
327 2239 410 2302 ὅπου
430 2242 534 2300 καὶτὰ
549 2238 737 2318 σμικρότατα
760 2239 822 2299 τόν
842 2234 896 2300 ὑπ’
917 2235 1011 2302 αὑτοῦ
1026 2242 1247 2319 πραττομένων
1267 2243 1319 2299 καλ
1342 2236 1399 2325 (τός
1420 2240 1463 2301 όν
1484 2264 1528 2314 τις
1549 2242 1647 2329 εἴποι)
1670 2263 1767 2324 προσ-

195 2343 394 2424 παιζομένων
421 2340 603 2424 ὑπεραίρειν
631 2341 675 2414 είς
705 2344 818 2418 θαῦμα
845 2342 952 2402 πάντα
974 2339 1070 2416 λόγον
1091 2341 1185 2404 δοκεῖ.
1232 2339 1331 2403 10οίον
1360 2342 1628 2424 (παραδείγματος
1648 2347 1766 2432 ένεκεν)

196 2449 380 2528 σιρατιοότης
402 2444 553 2526 άρπάζει·
583 2448 615 2506 τό
638 2445 699 2525 γάρ
721 2447 811 2520 γένος
832 2447 971 2509 τοιοῦτον
993 2448 1100 2507 καὶτὸ
1123 2444 1285 2529 ἀνόμημα.
1316 2444 1376 2509 ὑπό
1399 2444 1510 2510 τούτου
1533 2446 1667 2522 δεόντως
1689 2472 1765 2514 νου-

195 2557 331 2615 θετεϊται
354 2555 407 2611 καὶ
428 2550 661 2631 σωφρονίζεται.
684 2546 808 2609 ἀδικεῖν
828 2547 978 2626 ἐπιχειρεῖ
996 2547 1157 2627 βασιλεύςς
1191 2551 1280 2629 παρά
1302 2548 1410 2614 τούτου
1432 2554 1484 2633 τῆς
1505 2548 1604 2632 ὑρμής
1624 2552 1763 2633 ἀποτρέ.

195 2680 296 2718 πεται.
329 2651 561 2733 ἐπιβουλεύεται
594 2652 745 2735 δεσπότης
778 2651 888 2716 ὑπνεόν
894 2681 905 2729 ς
940 2647 1029 2726 οὗτος
1059 2651 1227 2736 ἀφυπνίζει
1261 2659 1314 2715 καί
1344 2652 1458 2736 ῥύεται.
1490 2666 1554 2728 τοῖς
1582 2654 1644 2720 ὑπό
1673 2669 1763 2740 χείρα

198 2758 346 2846 ήσκληρός
368 2759 430 2821 ἐστι
437 2786 450 2835 ς
470 2755 626 2835 μαλάσσει
640 2758 809 2837 παραινοῦν
819 2751 918 2828 οὗτος.
940 2754 1119 2836 δραπετεύει
1132 2779 1176 2828 τις
1190 2756 1325 2839 οίκέτηςς
1347 2757 1460 2835 ἐπέχει.
1483 2758 1620 2838 κλέπτεις
1686 2762 1765 2828 176²

195 2855 397 2947 καταμηνύει·
431 2862 499 2934 τοῦς
526 2859 650 2935 ἔξωθεν
679 2864 808 2944 φύρας,
840 2859 912 2932 τοὺς
941 2859 1028 2932 ἐντός
1055 2857 1171 2942 δήλους
1197 2864 1340 2943 τίθησιν,
1369 2861 1524 2942 ἁρπάζων
1556 2861 1763 2947 άρπάγματα,

194 2967 364 3042 ἐπανάγων
387 2964 566 3045 κλέμματα,
597 2963 700 3040 λύμας
721 2963 817 3024 οἴκων
839 2962 990 3043 ίιόμενος,
1021 2963 1147 3025 πόλεων
1168 2967 1300 3046 φθοράς
1321 2963 1524 3042 ἀπελαύνων,
1553 2965 1666 3031 ἐαυτόν
1688 2967 1764 3033 ἀνε-

194 3075 370 3154 πιφθόνως
391 3073 470 3131 πάσι
491 3064 714 3146 καταμερίζων,
744 3069 798 3127 καί
820 3069 900 3146 πρός
921 3069 1031 3128 πάσαν
1053 3070 1232 3148 περίστασιν
1259 3066 1430 3150 ὑπερφυοῦς
1448 3068 1601 3152 έξαρκιόν.
1659 3074 1763 3138 ”im-

194 3175 326 3259 σφαλτός
352 3197 397 3247 τις
425 3170 521 3244 αὖθις
551 3180 638 3233 νοσεῖ
664 3174 717 3231 καί
746 3167 939 3243 ἀνελπίστως
965 3169 1026 3250 ἐχει
1056 3175 1109 3236 τοῦ
1138 3171 1192 3253 ζήν
1199 3200 1210 3249 ς
1243 3170 1350 3236 τούτου
1381 3175 1501 3234 θάπον
1527 3180 1680 3258 μνησθεὶς
1708 3184 1762 3241 καί

197 3281 322 3364 δεηθεὶς
344 3277 426 3362 ῥᾷον
448 3277 545 3354 ἔσχεν.
575 3272 771 3355 ἀπτγνοίσθη
793 3295 822 3335 τι
843 3273 954 3346 πόθος
974 3274 1019 3346 είς
1036 3277 1213 3354 θεραπείαν
1218 3304 1231 3354 ς
1252 3275 1322 3340 ἀλλ’
1338 3271 1425 3351 οὗτος
1439 3274 1563 3358 εύμενές
1581 3278 1762 3365 ἐπιβλέψας

192 3385 256 3450 οὔτ’
270 3383 408 3457 ἀπέγνω,
432 3384 485 3441 καί
506 3380 729 3458 τεθεράπευκε.
749 3376 888 3456 μέριμνά
907 3400 952 3449 τις
974 3376 1111 3460 καρδίαν
1126 3379 1285 3463 έγκειμένη
1301 3381 1434 3460 δαπανᾷ
1439 3409 1451 3459 ς
1473 3378 1562 3454 οὗτος
1576 3383 1621 3456 είς
1635 3384 1763 3449 ἔννοιαν

192 3488 304 3551 ἐλθιὺν
325 3489 359 3569 (ή
379 3483 458 3568 μηδὲ
480 3483 588 3545 ἐλθών
610 3482 691 3543 ἔστιν
713 3481 772 3555 ὅτε,
794 3481 827 3542 τδ
852 3481 1123 3568 θαυμαστότερον)
1152 3486 1350 3568 παρηγόρησε
1381 3487 1458 3564 ταχύ
1488 3489 1541 3545 καὶ
1569 3487 1761 3552 ἀνέπαυσεν.

191 3593 291 3654 ἀλλον
314 3590 412 3671 τρύχει
434 3590 547 3663 πενίας
580 3583 669 3661 ἐγγύς
697 3582 829 3664 εὑρίσκει
857 3587 912 3646 τόν
934 3589 1093 3666 ποριστήν.
1122 3585 1222 3647 ἄλλον
1252 3599 1398 3670 τυραννεῖ
1425 3588 1609 3664 δυναστείας
1642 3593 1762 3674 έτοιμος

191 3695 287 3767 εὐθύς
309 3693 326 3757 ὑ
350 3692 533 3774 προστάτης.
563 3687 580 3751 ό
604 3687 712 3750 ἀπιόν
739 3687 792 3749 έπλ
816 3687 955 3768 πόλεμον
975 3687 1122 3753 ἐντεῦθεν
1143 3687 1311 3763 ὑπλίζεται.
1341 3689 1358 3753 ὑ
1390 3693 1531 3754 ἐπανιιὺν
1558 3693 1592 3754 ἐκ
1621 3695 1761 3777 πολέμου

189 3801 331 3864 ἐνταῦθα
354 3800 391 3859 τά
415 3796 554 3858 ἐπινίκια
576 3795 596 3875 ή
617 3795 669 3852 καλ
690 3790 727 3853 τά
751 3791 911 3876 νικητήρια
933 3795 1111 3873 περιχαράίς
1131 3792 1339 3858 ἀποδίδωσιν.
1371 3793 1588 3877 ὑπεριπεσοόν
1619 3804 1761 3885 ναυαγίῳ

194 3905 199 3990 l
223 3905 317 3986 τούτῳ
346 3905 399 3983 τῆς
429 3896 558 3971 ἐλπίδος
585 3895 654 3967 τοὺς
683 3897 797 3967 οἴακας
828 3896 991 3968 πιστεύσας
1024 3895 1081 3961 οὑκ
1119 3895 1234 3977 ἀτυχεῖ.
1268 3897 1285 3960 ὑ
1324 3902 1449 3983 θηρίοις
1484 3898 1620 3979 έντυχοίν
1685 3904 1761 3968 177¹

190 4005 382 4089 ἀπροόπτως
403 4005 458 4067 τόν
479 4005 581 4082 μέγαν
603 3997 800 4082 θηροκτόνον
820 4002 928 4062 τοῦτον
948 3998 1045 4073 εὐθὺς
1064 4000 1332 4082 ἐπικαλεσάμενος
1360 4003 1466 4065 ἄπεισι
1489 4008 1596 4065 κακῶν
1616 4002 1762 4088 ἀπαθής.

191 4111 310 4183 πάσαις
333 4107 500 4184 ἀναλόγως
521 4104 664 4168 ἑκάστοτε
685 4112 753 4175 ταῖς
776 4102 1024 4182 συμπιπτούσαις
1045 4108 1163 4186 χρείαις
1184 4106 1360 4189 ἐπικουρεῖ,
1391 4113 1470 4169 πάσι
1498 4109 1615 4184 γίνεται
1644 4110 1760 4186 πάντα,

190 4219 245 4276 ίνα
269 4215 392 4285 πάντας
413 4210 447 4274 εῦ
466 4233 494 4271 τι
516 4210 640 4297 ποιήση,
663 4211 718 4268 καὶ
737 4207 845 4290 μηδείς
864 4207 1016 4287 ἀμέτοχος
1031 4206 1115 4293 αὑτηί
1130 4214 1291 4300 παροφθή
1305 4214 1366 4274 ττόν
1382 4211 1626 4292 ἀφθονωτάτων
1647 4216 1761 4278 τούτων

191 4323 243 4378 καί
265 4316 496 4396 παμπλουσίων
517 4316 570 4394 τῆς
590 4317 780 4393 μαρτυρικής
802 4313 999 4395 χρηστότητος
1021 4315 1205 4396 θησαυρῶν.
1250 4309 1329 4377 1λτόν
1358 4315 1418 4398 ήδη
1447 4319 1502 4376 καλ
1522 4314 1612 4395 ὑμῶν
1632 4320 1761 4392 ἐκαστος

187 4426 350 4502 μετασχών
371 4425 450 4479 κατά
471 4418 566 4498 μέρος
588 4414 707 4502 (ὥσπερ
728 4415 826 4496 τίκός)
858 4421 911 4476 καὶ
940 4418 977 4478 κά
1006 4420 1064 4495 μὲν
1095 4415 1189 4491 αὑτός
1217 4416 1252 4482 εὑ
1281 4420 1419 4495 παθτόν,
1454 4424 1492 4482 τά
1523 4419 1560 4482 δέ
1582 4425 1636 4481 καί
1656 4421 1759 4485 ἄλλον

188 4522 330 4597 ἀκούσας
350 4526 370 4605 ή
391 4521 470 4584 ίδύν
491 4521 689 4594 πεπονθότα,
724 4518 777 4580 ἐπὶ
799 4517 853 4600 τήν
874 4520 975 4602 πηγήν
997 4525 1060 4582 τάν
1079 4525 1231 4586 τοσούτων
1254 4523 1431 4601 θαυμάτων
1453 4520 1640 4601 ἀλλαχόθεν
1660 4524 1759 4599 ἀλλος

187 4627 372 4701 ἐσπτύσατε,
404 4623 459 4706 τήν
488 4618 641 4704 λαμπράν
669 4621 789 4704 ήμέραν
811 4621 922 4701 ταύτην
945 4630 999 4686 καί
1018 4627 1217 4708 χαριστήριον
1238 4627 1380 4691 ἐνταῦθα
1404 4627 1552 4709 συνήθεις
1572 4630 1649 4707 μεθ’
1670 4627 1759 4712 ήμτῦν

186 4731 394 4815 έορτάσοντες.
425 4728 544 4801 δναδς
566 4727 602 4789 δέ
624 4729 723 4789 πάσιν
744 4726 874 4811 ἀνέῳγε,
897 4733 949 4790 καὶ
971 4727 989 4791 ό
1012 4730 1144 4792 ένοικιῦν
1166 4729 1369 4809 ὑποδέχεται,
1401 4735 1454 4793 καί
1481 4735 1516 4793 τδ
1547 4730 1757 4817 λεντουργικόν

188 4834 282 4901 αὑτοῦ
306 4835 460 4918 σύστημα,
484 4828 500 4894 ὑ
522 4830 607 4912 ίερός
628 4829 705 4903 λαός
727 4825 824 4906 οὗτος,
847 4830 960 4915 ήδιστά
982 4855 1010 4896 τε
1031 4835 1086 4907 τάς
1108 4834 1202 4917 όψεις
1222 4833 1386 4912 ἐπιβάλλει
1408 4845 1471 4908 τοῖς
1492 4836 1682 4902 συνελθοῦσι
1704 4845 1757 4901 καί

260 4977 288 5012 12
308 4957 349 5013 0³¹
368 4954 485 5026 περὶτῆς
503 4952 547 5007 τοῦ
565 4952 632 5006 λαοὺ
649 4953 799 5024 συνδρομῆς
818 4953 988 5008 δίαδοιπαυά
