4560 6172
356 574 436 640 18³5
1884 579 1944 645 173

353 746 470 821 μενον*
490 745 605 825 μέτρον
626 747 687 806 τῶν
705 742 898 824 Ἀμορραίων
917 755 986 819 ταίς
1000 745 1130 809 έκείνων
1145 746 1184 830 δη·
1198 747 1313 827 μόναις
1329 744 1498 827 όμαρτίαις
1514 747 1777 830 όναπεπληρωτο,
1801 749 1948 825 ἅστινας*

355 843 440 915 είκδς
462 842 659 924 ἁμαρτάνειν
680 845 885 929 ἀλλοφύλους
907 846 1122 926 όνθρεόπους,
1154 854 1254 926 νόμον
1281 850 1338 913 ούκ
1369 852 1497 930 ἔχοντας
1527 850 1644 934 όδηγόν
1679 856 1758 933 πρδς
1787 856 1821 915 τδ
1861 854 1947 933 δέον,

356 949 390 1008 τό
412 949 491 1008 καθ’
513 947 598 1030 ημᾶς
627 949 663 1012 δὲ
692 954 839 1014 τοσούτου
870 951 1108 1032 φιλοτιμότερον
1137 960 1190 1013 καὶ
1220 953 1490 1034 πολυτελέστερον,
1527 953 1569 1027 τός
1598 954 1710 1037 μηδενὶ
1739 956 1852 1034 σχεδόν
1882 961 1945 1023 τοῖν

355 1049 467 1112 έθνῶν
488 1049 709 1118 ὑπολιπέσθαι
731 1077 758 1116 τι
781 1052 881 1116 πλέον
901 1054 947 1125 είς
969 1060 1123 1138 πονηρίας
1145 1054 1325 1130 α’πόόειξιν,
1349 1054 1434 1119 α’λλά
1458 1063 1495 1119 τὰ
1512 1062 1643 1120 πάντων
1657 1056 1740 1138 ἡμᾶς
1755 1070 1945 1136 συναγαγεῖν

356 1176 387 1216 τε
409 1159 462 1215 καί
485 1161 664 1236 κτησασθαι
687 1161 741 1218 καί
762 1155 910 1219 πλουτείν
931 1157 1012 1236 ύπὲρ
1034 1159 1182 1231 ἅπαντας
1209 1161 1264 1221 τόν
1292 1162 1392 1222 κακδν
1421 1165 1529 1225 τοῦτον
1556 1160 1693 1225 πλούτου
1721 1167 1774 1222 καί
1805 1171 1869 1236 τοίς
1891 1186 1943 1225 κε-

356 1262 518 1340 κτημένοις
540 1255 703 1337 όλέθριον,
736 1254 775 1323 ού
801 1264 918 1337 καρποί
948 1267 1001 1320 καί
1022 1259 1175 1339 γεοίργιον
1202 1261 1263 1323 ὅσα
1285 1285 1317 1325 τε
1339 1267 1507 1343 συμπίπτει
1528 1268 1571 1346 τῷ
1592 1267 1652 1345 βίῳ
1675 1266 1754 1326 κατὰ
1776 1265 1811 1327 τὸ
1836 1268 1944 1345 παρόν

357 1359 490 1442 δυσχερῆ
513 1367 566 1422 καί
584 1364 622 1422 τά
644 1365 720 1439 μετά
745 1366 852 1425 τοῦτον
874 1363 1000 1423 έκείθεν
1023 1363 1280 1443 άπεκόεχόμενα,
1313 1361 1359 1428 τόν
1391 1363 1458 1428 οίον
1485 1366 1674 1447 α’ρραβῶνες
1703 1365 1765 1449 ἤδη
1788 1370 1868 1438 τινές
1889 1372 1944 1429 καί

358 1468 511 1545 προοίμια
533 1467 570 1526 τά
597 1469 654 1529 νῦν
677 1467 890 1545 θορυβοῦντα.

436 1566 560 1642 ·”Ἐγώ
581 1571 652 1646 μέν,
682 1570 860 1648 ἅνθρωπος
889 1572 935 1630 τόν
965 1575 1017 1630 καί
1047 1569 1141 1641 είδοίς
1172 1570 1269 1650 φύσιν
1298 1573 1380 1651 ἔχειν
1410 1571 1596 1636 ὑπεύθυνον
1618 1574 1714 1650 κρίσει
1736 1575 1769 1635 τὲ
1791 1577 1845 1633 καί
1867 1575 1942 1636 τίσει

355 1673 418 1731 τῶν
440 1675 673 1750 πραττομένων,
704 1669 884 1749 α’πεύχομαι
914 1675 973 1752 μέν
1001 1674 1034 1733 τό
1064 1670 1310 1754 ὑπονοούμενον,
1340 1674 1506 1739 ὑποπτεύω
1530 1673 1566 1736 δὲ
1588 1686 1622 1735 το
1645 1673 1855 1755 φαινόμενον,
1889 1679 1943 1736 καί

355 1775 483 1849 γίνομαι
507 1772 629 1845 δίκαιος
651 1771 754 1854 κριτης
773 1776 911 1851 έμαυτοῠ
933 1781 986 1836 καί
1008 1780 1087 1855 πρός
1108 1780 1163 1837 τόν
1187 1775 1191 1863 Ι
1217 1779 1323 1855 φόβον
1346 1777 1572 1855 συστέλλομαι·
1606 1780 1643 1840 σύ
1665 1777 1714 1852 δέ,
1735 1784 1797 1839 τοίν
1863 1779 1943 1843 243²

357 1879 552 1955 θαυμασίων
573 1881 723 1958 κατηγορε
753 1883 806 1938 καί
835 1877 998 1957 ύπερόπτα
1028 1884 1091 1940 τοῖν
1111 1879 1297 1958 μεγαλείων,
1331 1878 1441 1942 πάθεν
1468 1880 1565 1952 οὕτως
1596 1880 1675 1957 ε’χεις
1706 1880 1841 1962 α’φόβως
1872 1886 1944 1964 περί

355 1979 394 2041 τά
418 1982 554 2059 φοβερά,
578 1987 631 2040 καί
654 1978 795 2056 α’μαθώς
818 1983 838 2061 ἢ
859 1985 1008 2061 θρασέως
1030 1988 1101 2061 περὶ
1123 1988 1159 2043 τό
1185 1986 1311 2063 φανεροὶ
1333 1988 1387 2043 καί
1409 1975 1545 2063 φρικτάς
1578 1985 1684 2045 πόθεν
1715 1983 1801 2060 ἄγαν
1830 1987 1944 2068 γηίνως

355 2088 427 2162 περί
448 2087 511 2144 τοῖν
533 2081 691 2161 οὐρανίων
717 2095 854 2164 ηρονετς,
878 2090 932 2145 καί
954 2091 1025 2165 περὶ
1048 2091 1110 2146 τῶν
1133 2089 1234 2147 θείων
1256 2086 1323 2149 οὐδ’
1344 2085 1579 2166 ἀνθρωπίνως,
1601 2091 1645 2158 τίς
1668 2084 1869 2172 ἢτηλικαότη
1892 2106 1942 2151 σοι

353 2186 472 2263 τόλμα,
508 2188 552 2259 τίς
575 2184 592 2248 ὁ
613 2185 707 2260 λόγος
728 2192 780 2270 τῆς
802 2187 979 2264 α’πονοίας,·
1007 2188 1037 2250 εί
1063 2192 1123 2266 μὲν
1151 2195 1212 2267 γάρ
1242 2194 1320 2250 πᾶσι
1350 2190 1428 2249 καθ’
1450 2186 1522 2268 έξης
1553 2187 1694 2261 οἷπεστείς
1723 2194 1778 2251 καί
1806 2190 1942 2273 μηδενός

354 2289 527 2376 ίπιστρέφη
549 2293 612 2351 τῶν
635 2288 689 2351 διὰ
713 2293 747 2351 σε
769 2295 1082 2369 τερατουργουμένων
1104 2291 1227 2374 (ἐπειδὴ
1250 2293 1288 2353 τά
1311 2301 1423 2373 σημεῖα
1444 2300 1509 2363 τοίς
1523 2288 1668 2363 α’πίστοις
1682 2290 1767 2369 ὑμίν,
1791 2290 1847 2371 οὐχ
1869 2291 1944 2374 ἡμίν

354 2403 419 2464 τοίς
440 2391 665 2467 πιστεύουσιν),
687 2389 772 2453 α’λλά
796 2393 901 2454 καὶτὰ
917 2399 980 2454 τῶν
1001 2392 1147 2471 ίαμάτων
1168 2398 1346 2473 χαρίσματα
1368 2398 1481 2455 καὶτὰ
1504 2395 1556 2473 τῆς
1579 2391 1674 2472 όργῆς
1697 2395 1840 2474 σύμβολα
1862 2402 1942 2459 κατά

353 2493 468 2557 τούτου
495 2494 681 2574 διαβάλλεις
710 2501 763 2555 καί
786 2495 961 2568 διαπαίξας
983 2498 1026 2567 ὡς
1048 2496 1238 2576 πλάσματα,
1269 2497 1400 2560 δέδοικα
1422 2494 1467 2578 μη’
1488 2517 1516 2557 τι
1538 2499 1601 2556 τεόν
1624 2498 1803 2577 πυρφόρων
1825 2498 1942 2564 τούτων

352 2599 464 2677 βελῶν,
495 2595 540 2671 οίς
563 2601 594 2660 οί
619 2598 709 2660 λίθοι
732 2598 927 2681 πεπληγασι,
961 2606 1015 2659 καί
1037 2603 1091 2680 την
1113 2599 1252 2679 καρδίαν
1273 2600 1357 2686 βάλη
1380 2603 1435 2680 την
1458 2600 1515 2680 ση“ν
1537 2594 1590 2659 οίά
1613 2602 1733 2678 πέτραν
1754 2600 1865 2681 ἑτέραν
1887 2607 1943 2663 καὶ

355 2699 437 2766 πολύ
459 2723 493 2776 γε
515 2704 577 2762 τῶν
601 2701 712 2763 ἄλλων
733 2703 942 2786 σκληροτέραν
965 2708 1017 2762 κοί
1041 2706 1243 2782 τραχυτέραν,
1276 2704 1295 2786 ἢ
1321 2702 1468 2767 τοιούτων
1499 2704 1687 2780 συμβάντων
1716 2709 1787 2784 περὶ
1818 2705 1941 2781 έκείνας

354 2806 487 2877 παθῶν,
511 2802 646 2887 α’παθης
668 2807 711 2868 ἔτι
733 2809 820 2883 μένει
843 2812 896 2866 καὶ
918 2811 970 2870 τοῦ
993 2807 1139 2889 τηκοντος
1161 2809 1239 2872 οὕτω
1263 2812 1316 2869 καί
1337 2813 1393 2881 τὰς
1414 2807 1548 2888 πέτρας*
1571 2810 1672 2887 πυρός
1694 2804 1940 2892 α’νεπαίσθητος.

354 2905 384 2967 εί
404 2905 440 2968 δὲ
462 2911 561 2968 πᾶσιν
582 2906 651 2986 ἅμα
675 2912 826 2974 πιστεύων
854 2913 908 2969 καί
929 2914 1028 2970 πᾶσιν
1051 2907 1164 2983 άπλειῖς
1185 2911 1227 2980 ὡς
1250 2908 1392 2986 οἷγαθοίς
1422 2913 1559 2994 σημείοις
1590 2913 1739 2991 θαρρεῖς,
1771 2914 1941 2990 τοῦτομὲν

355 3009 437 3096 [καί
462 3006 554 3081 αὐτὸς
575 3013 617 3071 ἄν
640 3010 683 3084 ὡς
706 3012 848 3094 ἥδιστον*
878 3010 1031 3094 δεξαίμην
1058 3008 1106 3094 (εὖ
1127 3015 1215 3086 ἴσθι,
1249 3014 1388 3093 λογισμῷ
1411 3014 1654 3093 βεβαιούμενον)
1676 3017 1731 3074 καί
1752 3011 1796 3086 τός
1860 3015 1939 3079 244¹

353 3113 486 3193 ίρμαιον
509 3111 551 3173 όν
572 3136 600 3174 τι
622 3119 684 3175 τῶν
714 3114 888 3176 καλλιστων
917 3110 1119 3192 άρπάσαιμι,
1153 3119 1210 3180 νύν
1240 3114 1277 3177 δὲ
1304 3116 1462 3194 βούλομαι
1490 3118 1550 3196 μὲν
1579 3113 1658 3179 οὕτω
1687 3114 1828 3199 τάληθές
1857 3117 1939 3196 ἔχειν

353 3213 489 3295 μάλλον,
513 3216 622 3294 οἴομαι
646 3216 675 3278 δ’
697 3218 804 3290 ἄλλως
827 3223 898 3297 περὶ
920 3219 1037 3282 τούτων
1059 3220 1079 3300 ἢ
1099 3217 1268 3298 βούλομαι.
1297 3219 1326 3280 εί
1355 3219 1384 3280 δ’
1405 3219 1452 3281 ότι
1482 3228 1547 3292 τοίρ
1574 3218 1608 3292 ἐξ
1630 3217 1735 3302 ὕψους
1757 3223 1812 3279 καί
1836 3221 1938 3295 θείοις

353 3319 435 3381 ἔστιν
458 3319 480 3379 ό
503 3323 555 3379 καί
586 3318 785 3399 οἷνθροίπινά
813 3339 891 3382 τισιν
919 3321 1210 3401 ἐπικακουργείται,
1241 3322 1333 3383 τοῦτο’
1364 3338 1413 3383 σοι
1443 3326 1607 3403 πρόφασις
1636 3325 1753 3397 γίνεται
1783 3327 1837 3384 τοῦ
1868 3329 1941 3406 περί

354 3426 461 3484 πάντα
485 3421 679 3498 σκανδάλου,
703 3432 757 3486 καί
781 3424 836 3486 διά
859 3427 945 3488 τοῦτο
968 3423 1098 3486 πάντων
1118 3423 1170 3486 λη’
1190 3426 1257 3506 ἴσης
1279 3421 1322 3497 ὥς
1350 3423 1566 3506 ἐξευρημένων
1585 3425 1837 3500 καταγινώσκετε,
1860 3424 1942 3489 λαν-

354 3526 481 3600 θάνεις,
504 3521 531 3587 τό
551 3526 705 3602 βέλτιστε,
728 3532 782 3588 τόν
805 3537 890 3589 σίτου
913 3531 1017 3599 κακῶς
1039 3537 1102 3599 τοίς
1125 3526 1270 3600 ζιζανίοις
1292 3532 1516 3602 συνανασποῑν,
1540 3532 1593 3589 καί
1615 3525 1745 3588 όθετοῖν
1765 3527 1837 3600 τούς
1860 3550 1941 3608 προ-

354 3629 456 3711 φήτας
478 3627 532 3690 διὰ
557 3632 611 3711 την
633 3635 714 3711 πρδς
735 3629 804 3703 τούς
836 3631 1107 3712 ψευδοπροφητας
1136 3625 1304 3704 ύπόνοιαν,
1335 3636 1389 3692 καί
1420 3629 1619 3701 συναπολλύς
1642 3628 1715 3710 δίχα
1744 3633 1875 3711 κρίσεως
1901 3635 1945 3718 τῷ

356 3729 466 3810 α’σεβεί
486 3736 539 3792 καί
560 3735 614 3794 τδν
636 3734 778 3796 δίκαιον·
811 3734 905 3815 ἐχρῆν
928 3732 964 3795 δὲ
986 3731 1045 3812 οὐχ
1066 3731 1179 3805 οὕτως·
1214 3731 1299 3794 άλλά
1321 3731 1460 3812 μάλιστα
1482 3739 1550 3812 μέν,
1580 3734 1610 3795 εί
1629 3738 1889 3812 γεγυμνασμένον
1911 3733 1946 3802 εὖ

352 3835 442 3914 μάλα
476 3840 557 3915 πρὸς
586 3837 623 3897 τά
650 3839 781 3898 τοιαῦτα
808 3840 843 3897 τό
870 3839 933 3897 τῶν
960 3835 1116 3915 λογισμῶν
1148 3836 1306 3916 κριτηριον
1328 3836 1416 3914 είχες,
1441 3838 1460 3916 ἢ
1482 3837 1671 3914 πνευμάτων
1692 3835 1826 3919 η’ξίωσο*
1849 3840 1939 3920 παρό

355 3940 435 4003 θεοῦ
459 3938 654 4017 διακρίσεως,
678 3939 721 4011 ὥς
743 3962 787 4011 τις
810 3939 907 4011 ἄλλος
929 3943 991 4001 τῶν
1013 3940 1098 4013 ἄγαν
1120 3936 1257 4021 ὑψηλῶν
1279 3962 1310 4001 τε
1331 3945 1385 4001 καὶ
1399 3943 1559 4021 καθαροῖν
1576 3941 1712 4019 διαιρείν
1731 3939 1774 4013 τός
1789 3945 1939 4024 προσῆκε,

354 4044 387 4104 τό
410 4045 515 4104 νόθον
537 4041 572 4104 έκ
594 4048 650 4105 τού
671 4047 799 4126 γνησίου
821 4049 874 4104 καί
897 4043 932 4103 τό
953 4042 1081 4123 φαῦλον
1103 4040 1170 4104 α’πδ
1194 4047 1248 4107 τοῦ
1271 4046 1453 4122 κρείττονος,
1476 4048 1530 4103 καί
1551 4044 1584 4104 τδ
1608 4046 1668 4122 μὲν
1690 4041 1795 4123 ὥσπερ
1819 4044 1940 4124 ἄχυρον

352 4148 482 4228 μακρόν
512 4144 742 4219 α’πωθείσθαι,
774 4151 807 4207 τὸ
839 4145 875 4207 δὲ
905 4143 957 4206 οία
987 4156 1074 4207 σίτον
1101 4143 1211 4228 εόγενῆ
1240 4169 1270 4208 τε
1302 4152 1355 4206 καί
1383 4146 1541 4227 τρόφιμον
1562 4156 1630 4219 ταίς
1652 4151 1704 4228 τῆς
1727 4151 1833 4230 ψυχῆς
1856 4146 1942 4209 όπο-

356 4249 481 4336 Ιθηκαις
503 4250 656 4329 εὐκαίρως
678 4251 945 4323 έναποτίθεσθαι,
969 4254 1023 4310 καὶ
1043 4248 1200 4330 μηδαμῶς
1221 4247 1349 4325 α’γνοείν
1370 4249 1416 4312 ότι
1435 4252 1577 4332 μηχαναί
1599 4270 1677 4322 τινες
1698 4254 1795 4312 ταῦτα
1863 4239 1943 4314 244²

353 4358 407 4420 τού
429 4362 570 4438 πονηροῦ
595 4360 648 4416 καὶ
669 4352 879 4431 τεχνάσματα,
901 4361 964 4423 τοῖς
986 4351 1164 4426 καλλίστοις
1185 4350 1235 4414 άεί
1257 4355 1512 4433 παραμιγνύντος
1534 4355 1572 4415 τδ
1595 4354 1688 4432 χείρω
1710 4355 1764 4412 καί
1786 4354 1841 4433 την
1862 4350 1940 4414 §na-

353 4462 451 4539 τέριον
474 4459 648 4536 διάγνωσιν
670 4455 850 4535 κακούργως
882 4455 1114 4535 συμφύροντος,
1147 4457 1231 4534 ἵν’τῖ
1260 4464 1300 4538 τῷ
1331 4452 1642 4538 παραφυλάττεσθαι
1670 4459 1766 4519 ταῦτα
1800 4459 1853 4516 καί
1886 4458 1942 4535 την

352 4560 480 4624 έκείθεν
501 4560 663 4643 ω’(μέλειαν
686 4563 763 4623 καθ’
787 4559 876 4629 ἅπαξ
900 4556 1092 4638 προώμεθα,
1117 4561 1191 4640 ἤτρῖ
1208 4565 1370 4639 περιέπειν
1384 4560 1489 4623 έκεῖνο
1515 4564 1568 4620 καὶ
1585 4564 1638 4639 την
1653 4557 1803 4621 ἐντεῦθεν
1816 4557 1939 4642 βλάβην

353 4666 636 4747 παραδεξόμεθα,
671 4672 724 4727 καὶ
753 4665 911 4742 λάθωμεν
942 4660 1024 4743 ἡμᾶς
1052 4659 1167 4736 αὐτούς
1195 4661 1243 4725 ένί
1272 4686 1307 4751 γε
1333 4687 1375 4748 τῳ
1405 4663 1512 4746 τρόπῳ
1534 4671 1603 4736 ταίς
1623 4665 1677 4726 τού
1698 4662 1939 4741 μισάνθρωπον

422 4836 453 4870 τε
472 4815 563 4872 Genea
574 4836 611 4885 15,
622 4823 652 4871 τί
668 4820 672 4884 1
688 4837 719 4870 22
738 4812 846 4875 ἅστινας
865 4813 907 4877 0¹,
926 4811 1029 4873 όστινος
1048 4813 1081 4868 0¹
1097 4817 1101 4876 Ι
1118 4833 1147 4881 ²³
1166 4818 1261 4884 πέτρας
1271 4815 1313 4879 0¹,
1331 4814 1451 4873 πέττιςῦΙ
1476 4813 1589 4868 Nahum
1601 4816 1647 4876 1,6
1664 4817 1669 4877 Ι
1685 4831 1714 4879 ²³
1726 4808 1820 4876 ἥδιστα
1830 4828 1920 4881 apogr
1934 4811 1939 4881 Ι

354 4906 383 4955 κγ
403 4890 467 4958 post
484 4887 557 4943 bano
576 4906 672 4945 vocem
692 4887 880 4956 τεταμίευσαι
899 4884 998 4941 littora
1016 4885 1176 4953 antiquitus
1195 4903 1274 4941 erasa
1292 4889 1336 4942 οεί
1354 4887 1384 4940 in
1403 4885 1423 4940 0
1444 4885 1612 4938 θίαιίειποπιί
