4560 6172
344 552 364 613 8

429 721 518 800 φέρει
540 719 597 781 σῦν
619 715 713 799 αῦτῷ,
736 720 790 778 καὶ
812 715 1001 781 καλόπτεται
1023 721 1123 800 νέφει.

428 817 512 885 οὗτοι
535 820 563 884 δ
585 822 654 883 ἀνω
676 820 849 902 βλέπουσιν
871 821 1130 906 ἐκπεπληγμένοι,

427 934 481 990 και
502 939 609 1008 χεῖρας
630 927 814 1000 ἐκπίνοντες
836 922 878 1001 ὥς
900 929 980 1007 πρδς
1001 928 1132 1009 αίθέρα,

427 1033 567 1111 ζητοῦσιν
589 1030 694 1114 ὥσπερ
717 1034 772 1113 την
793 1030 944 1114 σόναρσιν
965 1032 1000 1094 έκ
1022 1031 1133 1095 πόθου

366 1140 404 1203 10
426 1138 515 1219 φίλοι
537 1139 682 1219 μαθηταί
704 1139 758 1195 καὶ
777 1138 913 1200 τεκοῦσα
935 1138 1110 1215 παρθένος.

427 1241 509 1303 ὅθεν
530 1239 792 1303 καταστέλλουσιν
814 1236 926 1313 αῦτοῦς
948 1237 1050 1321 η’ρέμα

427 1346 517 1421 λόγοι
541 1353 705 1427 προσηνεῖς
726 1341 870 1418 ἀγγέλων
891 1340 1079 1421 εῦαγγέλων,

426 1448 504 1512 οὕτω
528 1446 678 1524 λέγοντες,
700 1449 837 1528 Χριστόν
858 1446 945 1528 ἥξειν
966 1451 1021 1508 καί
1041 1445 1152 1520 πόλιν,

426 1553 531 1635 ὥσπερ
553 1549 699 1614 κατεῖδον
721 1550 792 1631 ἄρτι
813 1552 916 1631 γῆθεν
937 1549 1091 1633 ἠρμένον·

365 1659 404 1723 15
428 1660 528 1740 πέρας
549 1657 610 1735 γοὶρ
631 1653 713 1716 είναι
735 1657 823 1717 τοῦτο
848 1656 899 1718 τοῦ
920 1657 1098 1737 μυστηρίου.

424 1764 519 1824 ταῦτα
544 1757 710 1842 προδήλως
733 1756 750 1819 ὁ
772 1759 913 1840 γραφεὺς
933 1761 996 1820 τάν
1016 1758 1150 1821 εἰκόνων

425 1864 532 1936 τόποις
554 1861 708 1936 διδάσκει,
731 1864 786 1944 την
808 1859 973 1943 ἀλήθειαν
995 1865 1106 1941 σέβων.

342 2074 403 2138 ll.
427 2071 482 2142 Εἰς
504 2071 559 2151 τὴν
580 2069 795 2152 πεντηκοστήν.

383 2177 398 2238 1
428 2176 495 2255 Τὴν
516 2171 648 2254 ἐσχάτην
668 2196 699 2235 τε
722 2175 775 2233 καλ
795 2175 940 2256 μεγίστην
961 2171 1093 2255 ἡμέραν,

426 2275 558 2364 ,γράφει
581 2279 660 2359 πρὸς
683 2274 847 2358 ἀκρίβειαν
869 2275 887 2360 ἢ
911 2279 994 2360 σοφη
1016 2280 1116 2363 τέχνη,

425 2385 501 2444 καθ’
524 2381 563 2462 ἢν
585 2384 621 2443 τὰ
645 2383 760 2463 φρικτά
785 2384 1075 2462 θαυματουργεῖται
1097 2382 1181 2448 τάδε.

423 2485 589 2567 διιόροφόν
610 2508 637 2546 τι
660 2487 727 2557 τοῦς
749 2483 945 2557 ἀποστόλους
967 2488 1070 2566 φέρει·

381 2594 401 2655 5
424 2591 519 2672 ἄφνω
542 2587 569 2651 δ’
592 2589 723 2649 ἀνωθεν
745 2584 819 2669 η’χος
840 2587 986 2668 έμπίπτει
1007 2590 1116 2667 μέγας,

422 2698 475 2755 καὶ
497 2696 568 2776 φῶς
587 2715 618 2754 τε
640 2695 693 2754 καὶ
715 2694 776 2774 πῦρ
798 2690 992 2767 συγκάτεισιν
1012 2688 1155 2773 ὑψόθεν,

422 2795 566 2872 γλώσσας
587 2794 797 2874 ἀπαρτίζοντα
819 2797 875 2869 τάς
896 2791 1077 2876 ὁρωμένας·

424 2901 463 2975 ἀς
485 2897 541 2964 αι’-κ
563 2901 642 2976 ἔγνω
664 2922 709 2973 τις
730 2903 869 2981 γηγενῶν
892 2899 974 2983 πλὴν
996 2898 1138 2961 ἐνθάδε·

422 3006 537 3068 τούτων
559 3004 586 3066 δ’
608 3008 737 3077 ἕκαστος
758 3002 951 3085 προσλαβών
973 3002 1077 3066 αῦτιῦν
1099 3005 1178 3083 μίαν

362 3112 402 3173 10
424 3111 537 3190 φωνάς
559 3108 668 3170 δίδωσι
691 3119 755 3180 τοῖς
776 3111 914 3188 παροῦσι
935 3106 1094 3183 ποικίλας,

425 3211 531 3285 ἀλλως
552 3213 633 3292 πρδς
654 3211 755 3274 ἄλλον
776 3211 922 3273 έκλαλῶν
943 3217 999 3294 την
1022 3215 1079 3276 νῦν
1099 3211 1204 3294 χάριν.

423 3315 440 3399 ἧ
464 3316 622 3397 συνδρομή
647 3316 682 3377 δὲ
706 3316 785 3396 πρός
806 3317 839 3378 τό
862 3318 978 3392 θαῦμα
1001 3321 1063 3378 τῶν
1085 3314 1192 3394 ὄχλων

423 3421 638 3493 διδασκάλους
662 3421 798 3483 δείκνυσι
823 3423 891 3494 τοῦς
912 3424 1117 3503 καθημένους

423 3526 544 3589 ἅπασιν
567 3522 672 3597 αῦιοῒς
694 3524 952 3606 προσλαλοῦντας
972 3528 1114 3608 γνησίως,

360 3632 400 3697 15
421 3633 450 3692 εί
472 3635 524 3690 καὶ
547 3628 711 3711 συνῆλθον
732 3629 767 3690 έιι
788 3633 891 3705 γενῶν
913 3628 1123 3710 ἀλλοθρόων·

423 3733 535 3816 πλήθη
557 3737 617 3814 γάρ
640 3734 750 3795 έθνιῦν
772 3734 832 3794 είσλ
854 3737 1125 3814 συμμεμιγμένων.

422 3840 459 3900 σὺ
479 3836 507 3900 δ’
529 3838 558 3899 εί
580 3836 679 3922 ξενίζη
703 3837 783 3916 πρδς
804 3838 838 3899 τό
861 3842 914 3920 τῆς
936 3841 1020 3911 θέας
1042 3841 1145 3913 ξένον,

422 3942 519 4005 ἀκουε
542 3946 595 4003 καί
617 3944 738 4004 πίστευε
760 3952 824 4013 τοῖς
846 3940 1064 4023 λαλουμένοις,

426 4051 478 4108 καὶ
501 4046 574 4119 δοῦς
594 4045 725 4108 σεαυτόν
746 4044 847 4119 τοῖςδε
865 4057 929 4119 τοῖς
952 4047 1150 4127 πυριπνόοις,

358 4155 402 4217 20
424 4151 505 4212 θεὸν
526 4153 559 4211 τδ
584 4152 707 4229 πνεῦμα
729 4153 782 4212 τοῦ
806 4152 885 4212 θεοῦ
908 4147 1025 4225 δόξαζέ
1045 4173 1111 4230 μοι,

423 4258 456 4317 τδ
480 4259 575 4317 ταῦτα
599 4253 703 4315 πάντα
727 4256 994 4334 θαυματουργοῦν
1015 4255 1139 4329 ένθέως
1168 4292 1207 4302 -

421 4362 500 4443 φάς,
525 4364 596 4442 πῦρ,
619 4357 723 4440 πνοήν
744 4381 784 4434 τε,
809 4362 863 4418 καί
884 4362 1001 4441 σαφοῦς
1023 4358 1261 4440 ἀγραμμάτους.

342 4571 400 4635 12.
425 4567 480 4641 Είς
501 4570 555 4629 τόν
571 4563 686 4627 Ἠλίαν
707 4566 900 4646 τρεφόμενον
921 4566 984 4630 ῦπδ
1007 4567 1152 4650 κόρακος.

383 4675 395 4735 1
421 4670 566 4754 Ζηλωτά,
590 4669 782 4753 παιδεόθητι
802 4674 1043 4752 μακροθυμίαν,

423 4779 475 4835 καὶ
496 4778 538 4857 μη
562 4780 596 4836 τδ
619 4776 681 4853 πῦρ
705 4773 846 4850 ἀνωθεν,
871 4773 943 4837 ἀλλ’
963 4776 1048 4859 ῦδωρ
1070 4779 1181 4859 βρέχε·

420 4883 472 4939 καλ
495 4882 527 4939 σὲ
553 4880 657 4960 τρέφει
679 4877 780 4959 κόραξ
801 4878 872 4962 γάρ,
895 4879 933 4944 οῦ
953 4879 1160 4965 καταφλέγει·

1731 854 1745 901 7
1772 836 1857 890 Actor
1878 856 1901 900 1,
1922 855 1937 904 η

1725 2532 1741 2577 4
1766 2513 1852 2565 Actor
1876 2532 1898 2575 2,
1918 2531 1930 2564 1

1725 2600 1792 2707 εεηιη
1811 2585 1815 2650 Ι
1831 2602 1843 2649 5
1862 2601 1933 2653 ειχος

1725 2672 1933 2794 ιειςιςειεῑ

1741 2797 1819 2850 ribus
1839 2798 1913 2852 curis

1724 2888 1787 2939 wc
