4560 6172
342 555 386 620 18

387 728 405 791 1
431 724 610 790 Κόνταόθα
632 727 768 807 Χριστός
790 728 872 790 ἔστιν
892 721 1002 788 όπνιόν
1023 724 1059 787 έν
1080 725 1193 810 ξύλῳ.Ι

432 833 524 912 φέρει
546 829 582 893 δέ
604 832 716 911 χρυσός
737 834 791 896 τοῦ
812 831 943 906 πόθους
964 835 1019 917 τῆν
1039 832 1164 907 ελκόνα,

431 931 511 996 ἄνθ’
535 928 573 999 οὗ
593 939 742 1018 πραθεές,
765 935 861 999 ἔσωσε
881 938 950 1013 τοὺς
971 939 1037 999 κατ’
1057 937 1177 1001 εἰκόνα.

350 1141 417 1209 88.
442 1142 531 1221 Πρός
560 1143 615 1203 τόν
640 1140 877 1221 ἐπιλαβόμενον
906 1147 959 1208 τοῦ
988 1143 1106 1226 λα’μβου
1135 1148 1188 1210 τοῦ
1224 1143 1323 1209 »ἄνθ’
1354 1139 1392 1211 οὗ
1419 1142 1577 1225 πραθεέςι
1609 1136 1651 1214 ὥς
1676 1142 1730 1223 τῆς
1752 1145 1936 1224 προθέσεως

475 1241 513 1308 οὐ
533 1243 639 1318 καλοῖς
659 1249 892 1327 προσκειμένης.

393 1349 409 1412 1
434 1347 475 1409 Εἰ
496 1347 635 1429 Χριστόν
656 1347 786 1430 έχθρσῖς
808 1349 905 1413 ὤνιον
924 1350 1111 1434 μιαιφόνοις

433 1451 568 1537 Ιέχθρός
589 1452 734 1533 μαθητῆς
755 1450 913 1515 όντέδωκε
933 1457 1071 1534 χρυσέου,
1367 1457 1422 1522 15ι

432 1557 461 1617 τέ
482 1558 539 1619 νόν
560 1553 798 1636 ἁμαρτάνουσιν
820 1555 851 1618 οἳ
872 1561 1075 1637 πεπεισμένοι

432 1658 540 1722 παλαι
562 1663 734 1742 πραθῆναι
754 1662 892 1742 Χριστόν
913 1661 983 1724 α’ντὶ
1005 1665 1151 1744 χρυσέους

390 1764 411 1829 5
433 1769 502 1837 παῖς
523 1763 553 1826 δ’
576 1762 608 1826 οἶ
629 1764 768 1842 λέγοντες
790 1770 843 1826 καὶ
863 1765 1040 1848 γράφοντες
1061 1769 1116 1850 τῆν
1138 1768 1266 1851 πρόσιν,

432 1868 519 1940 ὅπως
541 1872 669 1952 συνέστη
690 1872 743 1930 καὶ
765 1871 842 1930 καθ’
863 1869 972 1932 ὅντινα
994 1871 1121 1951 τρόπον,

433 1971 495 2047 ἔξω
519 1975 669 2055 φέρονται
691 1974 744 2037 τοῦ
766 1974 975 2055 προσῆκοντος
996 1973 1101 2051 λόγου,

434 2075 564 2160 σκάφην
583 2076 749 2149 καλοῦντες
769 2077 825 2159 τῆν
847 2075 1047 2162 ὑμνουμένην
1069 2077 1213 2162 σκόφηνς

434 2181 462 2240 τέ
485 2177 512 2241 δ
535 2179 578 2241 οἶν
599 2201 644 2252 τις
665 2181 750 2242 εἴποι
771 2184 827 2262 τῆν
846 2179 967 2263 πρόσιν
988 2181 1072 2265 πλῆν
1094 2184 1115 2265 ῆ
1135 2182 1236 2263 μόνον

372 2283 414 2348 10
434 2280 513 2362 ὅπερ
535 2284 687 2364 πέφυκεν,
710 2280 780 2347 α’ντλ
802 2282 932 2368 λῆψεως
953 2283 1053 2360 δόσιν,

433 2386 535 2466 μόνον
557 2389 717 2468 προσέστω
739 2390 840 2467 κέρμα
862 2393 905 2472 τῷ·
927 2392 1148 2476 πεπραγμένῳ,

434 2487 477 2563 τός
498 2492 540 2552 ἄν
562 2492 642 2570 πρός
664 2490 875 2571 α’ντοέλλαχμα
896 2494 937 2576 μῆ
962 2497 1159 2573 συνεμπέσοι.

433 2593 494 2671 έχώ
515 2597 574 2675 μὲν
595 2593 673 2657 οὕτω
695 2594 751 2679 τῆν
772 2599 892 2675 πρόσιν
913 2598 1034 2677 μαθων
1056 2596 1154 2675 λέγω·

434 2697 529 2760 ἄλλοι
551 2697 581 2759 δ’
603 2736 646 2747 -
668 2700 742 2772 έσως
763 2698 932 2777 βλέποντες
955 2698 1043 2783 ἡμῶν
1063 2724 1090 2764 τι
1113 2700 1212 2765 πλέον
1234 2740 1275 2750 -

372 2801 413 2868 15
434 2798 489 2866 οὐκ
513 2800 602 2865 »dm
622 2806 755 2884 χρυσοῦ(
780 2808 860 2885 φασὶ
882 2804 1074 2886 πεπροέσθαι
1095 2804 1176 2882 τόδε,

435 2902 545 2978 ἁπλοῖς
568 2905 603 2968 δὲ
627 2912 779 2988 »χρυσοῦς
802 2906 870 2970 δεῖν
891 2907 1028 2992 χρόφειν
1048 2933 1079 2972 τε
1100 2915 1155 2973 καλ
1175 2909 1287 2989 λέγειν.

434 3013 487 3092 τῆς
509 3006 672 3092 οἷκριβεέας
692 3015 754 3074 τῶν
776 3010 980 3074 διδασκάλων
1002 3013 1079 3097 όσηλ

434 3116 503 3186 παῖς
524 3110 580 3178 οὖν
600 3113 721 3177 ἐκεῖνον
742 3115 797 3178 τόν
819 3116 933 3202 Θαλῆν
952 3140 997 3191 τις
1018 3117 1186 3199 θαυμόσοι
1192 3146 1204 3198 ς

436 3221 531 3300 σοφοὶ
552 3221 612 3298 μὲν
633 3214 726 3294 οὗτοι,
749 3223 803 3281 καλ
823 3221 857 3282 τό
880 3218 985 3300 δόγμα
1006 3225 1069 3284 τόν
1091 3221 1193 3286 πόνυ·

370 3320 414 3386 20
433 3319 604 3403 όπερφυιῦς
624 3325 685 3404 γὰρ
708 3322 770 3386 έστλ
790 3327 854 3387 τῶν
874 3322 1081 3408 όποκρόφων.

434 3428 463 3488 τέ
485 3425 514 3488 δ’
537 3425 554 3508 ῆ
578 3424 734 3507 πρόθεσις
755 3427 859 3510 ζημιοῖ
877 3431 1101 3513 προσκειμένης

434 3527 589 3611 έρῆσομαι
610 3530 671 3614 χόρ
694 3531 749 3593 τόν
771 3530 920 3615 δικαστῆν
941 3535 995 3597 τοῦ
1016 3532 1129 3611 λόγου·

410 3713 412 3716 y
437 3634 459 3715 ῆ
479 3636 548 3706 πιός
569 3637 735 3714 παροῦσαν
755 3637 883 3718 μακρόν
903 3635 1037 3712 ἒξωθεῖς
1057 3640 1124 3718 βέηι,

436 3737 477 3822 ῆν
498 3736 535 3803 οὐ
557 3743 723 3821 παροῦσαν
744 3737 842 3814 αὖθις
862 3740 961 3817 έλκεις
980 3743 1025 3815 εἰς
1045 3746 1160 3822 μέσονς

371 3841 415 3907 25
436 3845 505 3915 πῶς
525 3843 587 3924 χοίρ
609 3837 731 3924 νοῆσεις
752 3846 785 3907 τδ
807 3847 977 3928 πραθῆναι
997 3850 1136 3927 χρυσέου,

437 3944 497 4032 Ιμῆ
520 3946 712 4027 προσλαβόν
732 3949 857 4023 ἔξωθεν
878 3947 974 4034 αὖτῆν
995 3949 1171 4033 οἰγροέφωςς
1366 3952 1424 4019 15¹

437 4048 488 4112 δεῖ
507 4049 569 4131 χόρ
590 4073 629 4131 με
651 4050 778 4127 πόντως
800 4055 880 4133 πρδς
902 4057 936 4116 σέ
958 4057 1021 4117 τῶν
1042 4060 1108 4118 σῶν
1129 4079 1157 4119 τι
1179 4053 1313 4141 φρόσαι.

437 4153 509 4216 ἀλλ’
532 4153 575 4228 τός
596 4155 678 4218 ἔοικε
698 4160 750 4240 τῆς
772 4162 945 4241 σαφηνείας
966 4157 1060 4239 χόριν

436 4257 589 4340 ἄχρηστος
610 4255 628 4342 ῆ
652 4259 800 4344 δύστηνος
821 4258 896 4342 ὑμῖν
917 4259 1043 4347 εὑρέθη·

376 4362 420 4429 30
440 4365 475 4425 τό
498 4364 559 4443 γὰρ
583 4366 684 4446 σαφές
705 4387 736 4427 τε
758 4369 812 4427 καλ
833 4364 994 4450 πρόδηλον
1015 4366 1051 4429 έν
1072 4365 1178 4445 λόχοις

438 4464 651 4550 λογογράφοις
673 4467 808 4552 ῆδιστον,
832 4467 869 4533 οὗ
891 4469 1131 4554 σχεδοχρόφοις,

438 4575 492 4632 καὶ
515 4574 612 4636 ταῦτα
634 4572 744 4654 κλῆσιν
765 4574 798 4635 τδ
821 4573 934 4657 σχέδην
954 4577 1157 4657 κεκτημένοις.

438 4677 573 4758 χρέφους
594 4675 629 4739 δὲ
652 4680 701 4739 σολ
724 4675 869 4741 πλέκοντι
890 4679 960 4751 τούς
981 4676 1017 4740 έν
1037 4682 1080 4764 τῷ
1103 4678 1204 4759 σχέδον

438 4778 581 4859 έπαχθές
603 4780 666 4844 έστι
686 4785 755 4845 πᾶν
775 4781 948 4865 πρόχειρον
969 4786 1023 4844 καὶ
1045 4784 1168 4867 σχέδην.

372 4881 418 4950 35
439 4881 510 4946 ἀλλ’
535 4889 688 4948 »εῖνεκενι
711 4888 743 4950 τὲ
764 4889 818 4948 καλ
841 4886 974 4972 »χόρινι
997 4892 1052 4950 καλ
1071 4886 1189 4964 τοιόδο,

1746 2103 1759 2150 8
1779 2099 1916 2154 Lucienus

1726 2169 1792 2229 Ζεδς
1802 2172 1936 2242 τραγῳδὸς

1729 2241 1783 2311 [⁴4]
1803 2262 1833 2309 32

1730 2743 1759 2788 ¹4
1768 2724 1831 2783 ἴσως
1838 2742 1872 2779 ex
1879 2725 1935 2783 έσος

1736 2804 1891 2850 correctum
1911 2813 1928 2850 a

1729 2884 1813 2920 manu
1842 2870 1936 2936 poste-

1728 2938 1801 2992 tiore
1835 2939 1935 2991 Stude-

1728 3009 1813 3062 mund
