<?xml version="1.0" encoding="UTF-8"?>
<!DOCTYPE html PUBLIC "-//W3C//DTD XHTML 1.0 Transitional//EN"
    "http://www.w3.org/TR/xhtml1/DTD/xhtml1-transitional.dtd">
<html xmlns="http://www.w3.org/1999/xhtml" xml:lang="en" lang="en">
 <head>
  <title>
</title>
<meta http-equiv="Content-Type" content="text/html;charset=utf-8" />
  <meta name='ocr-system' content='tesseract 3.04.00' />
  <meta name='ocr-capabilities' content='ocr_page ocr_carea ocr_par ocr_line ocrx_word'/>
</head>
<body>
  <div class='ocr_page' id='page_1' title='image "./iohanniseuchait00vatigoog_0168.png"; bbox 0 0 4560 6172; ppageno 0'>
   <div class='ocr_carea' id='block_1_1' title="bbox 344 579 1929 648">
    <p class='ocr_par' dir='ltr' id='par_1_1' title="bbox 344 579 1929 648">
     <span class='ocr_line' id='line_1_1' title="bbox 344 579 1929 648; baseline 0.001 -3"><span class='ocrx_word' id='word_1_1' title='bbox 344 579 426 646; x_wconf 73' lang='lat'><strong><em>1⁷0</em></strong></span> <span class='ocrx_word' id='word_1_2' title='bbox 1870 583 1929 648; x_wconf 75' lang='lat'><strong><em>127</em></strong></span> 
     </span>
    </p>
   </div>
   <div class='ocr_carea' id='block_1_2' title="bbox 343 742 1984 4436">
    <p class='ocr_par' dir='ltr' id='par_1_2' title="bbox 343 742 1984 4436">
     <span class='ocr_line' id='line_1_2' title="bbox 345 742 1933 836; baseline 0.003 -27"><span class='ocrx_word' id='word_1_3' title='bbox 345 742 553 830; x_wconf 89' lang='grc' dir='ltr'><strong><em>παράδειγμα</em></strong></span> <span class='ocrx_word' id='word_1_4' title='bbox 575 751 716 830; x_wconf 99' lang='grc' dir='ltr'><strong><em>βλέπων,</em></strong></span> <span class='ocrx_word' id='word_1_5' title='bbox 748 750 875 834; x_wconf 80' lang='grc' dir='ltr'><strong><em>α’φειδῶ</em></strong></span> <span class='ocrx_word' id='word_1_6' title='bbox 896 754 956 830; x_wconf 77' lang='grc' dir='ltr'><strong><em>μέν</em></strong></span> <span class='ocrx_word' id='word_1_7' title='bbox 977 755 1033 815; x_wconf 85' lang='grc' dir='ltr'><strong><em>τοῦ</em></strong></span> <span class='ocrx_word' id='word_1_8' title='bbox 1055 748 1217 831; x_wconf 71' lang='grc' dir='ltr'><strong><em>στόματος,</em></strong></span> <span class='ocrx_word' id='word_1_9' title='bbox 1248 755 1292 836; x_wconf 75' lang='grc' dir='ltr'><strong><em>τῷ</em></strong></span> <span class='ocrx_word' id='word_1_10' title='bbox 1321 750 1357 814; x_wconf 77' lang='grc' dir='ltr'><strong><em>δὲ</em></strong></span> <span class='ocrx_word' id='word_1_11' title='bbox 1385 753 1541 831; x_wconf 87' lang='grc' dir='ltr'><strong><em>πνεύματι</em></strong></span> <span class='ocrx_word' id='word_1_12' title='bbox 1569 756 1687 832; x_wconf 84' lang='grc' dir='ltr'><strong><em>χαίρω,</em></strong></span> <span class='ocrx_word' id='word_1_13' title='bbox 1719 752 1933 833; x_wconf 87' lang='grc' dir='ltr'><strong><em>συμπλακέντι</em></strong></span> 
     </span>
     <span class='ocr_line' id='line_1_3' title="bbox 344 856 1930 944; baseline 0.004 -31"><span class='ocrx_word' id='word_1_14' title='bbox 344 856 426 929; x_wconf 86' lang='grc' dir='ltr'><strong><em>πρὸς</em></strong></span> <span class='ocrx_word' id='word_1_15' title='bbox 456 858 582 933; x_wconf 82' lang='grc' dir='ltr'><strong><em>πνεῦμα</em></strong></span> <span class='ocrx_word' id='word_1_16' title='bbox 609 859 764 940; x_wconf 73' lang='grc' dir='ltr'><strong><em>πονηρίας</em></strong></span> <span class='ocrx_word' id='word_1_17' title='bbox 796 856 1000 934; x_wconf 74' lang='grc' dir='ltr'><em>μεγάλαυχον</em></span> <span class='ocrx_word' id='word_1_18' title='bbox 1031 861 1085 916; x_wconf 78' lang='grc' dir='ltr'><strong><em>καί</em></strong></span> <span class='ocrx_word' id='word_1_19' title='bbox 1115 859 1152 944; x_wconf 75' lang='grc' dir='ltr'><strong><em>τῇ</em></strong></span> <span class='ocrx_word' id='word_1_20' title='bbox 1186 859 1225 943; x_wconf 80' lang='grc' dir='ltr'><em>σῇ</em></span> <span class='ocrx_word' id='word_1_21' title='bbox 1254 860 1418 935; x_wconf 80' lang='grc' dir='ltr'><strong><em>συμμαχίᾳ</em></strong></span> <span class='ocrx_word' id='word_1_22' title='bbox 1454 858 1650 928; x_wconf 85' lang='grc' dir='ltr'><strong><em>θαυμαστῶς</em></strong></span> <span class='ocrx_word' id='word_1_23' title='bbox 1687 858 1930 937; x_wconf 66' lang='grc' dir='ltr'><strong><em>περιγενομένου.</em></strong></span> 
     </span>
     <span class='ocr_line' id='line_1_4' title="bbox 345 952 1930 1043; baseline 0.003 -27"><span class='ocrx_word' id='word_1_24' title='bbox 345 952 441 1017; x_wconf 70' lang='grc' dir='ltr'><strong><em>81νύν</em></strong></span> <span class='ocrx_word' id='word_1_25' title='bbox 463 954 529 1032; x_wconf 87' lang='grc' dir='ltr'><strong><em>οὐν,</em></strong></span> <span class='ocrx_word' id='word_1_26' title='bbox 554 958 704 1036; x_wconf 81' lang='grc' dir='ltr'><strong><em>δέσποτα,</em></strong></span> <span class='ocrx_word' id='word_1_27' title='bbox 727 961 852 1043; x_wconf 77' lang='grc' dir='ltr'><strong><em>πληρου</em></strong></span> <span class='ocrx_word' id='word_1_28' title='bbox 873 981 928 1037; x_wconf 90' lang='grc' dir='ltr'><strong><em>μοι</em></strong></span> <span class='ocrx_word' id='word_1_29' title='bbox 943 960 998 1040; x_wconf 75' lang='grc' dir='ltr'><strong><em>την</em></strong></span> <span class='ocrx_word' id='word_1_30' title='bbox 1009 959 1106 1042; x_wconf 88' lang='grc' dir='ltr'><strong><em>φίλην</em></strong></span> <span class='ocrx_word' id='word_1_31' title='bbox 1121 958 1333 1034; x_wconf 70' lang='grc' dir='ltr'><strong><em>ἐπαγγελίαν·</em></strong></span> <span class='ocrx_word' id='word_1_32' title='bbox 1356 957 1417 1042; x_wconf 83' lang='grc' dir='ltr'><strong><em>η”δη</em></strong></span> <span class='ocrx_word' id='word_1_33' title='bbox 1432 959 1616 1039; x_wconf 76' lang='grc' dir='ltr'><strong><em>προσλαβοῦ</em></strong></span> <span class='ocrx_word' id='word_1_34' title='bbox 1634 962 1689 1020; x_wconf 85' lang='grc' dir='ltr'><strong><em>τόν</em></strong></span> <span class='ocrx_word' id='word_1_35' title='bbox 1701 962 1759 1022; x_wconf 92' lang='grc' dir='ltr'><strong><em>σδν</em></strong></span> <span class='ocrx_word' id='word_1_36' title='bbox 1774 955 1930 1041; x_wconf 79' lang='grc' dir='ltr'><strong><em>άθλητην,</em></strong></span> 
     </span>
     <span class='ocr_line' id='line_1_5' title="bbox 345 1052 1931 1151; baseline 0.003 -33"><span class='ocrx_word' id='word_1_37' title='bbox 345 1052 362 1117; x_wconf 81' lang='grc' dir='ltr'><strong>ὁ</strong></span> <span class='ocrx_word' id='word_1_38' title='bbox 386 1058 462 1136; x_wconf 86' lang='grc' dir='ltr'><strong><em>ἐμός</em></strong></span> <span class='ocrx_word' id='word_1_39' title='bbox 484 1060 689 1145; x_wconf 84' lang='grc' dir='ltr'><strong><em>άγωνοθέεης</em></strong></span> <span class='ocrx_word' id='word_1_40' title='bbox 710 1069 764 1125; x_wconf 79' lang='grc' dir='ltr'><strong><em>καὶ</em></strong></span> <span class='ocrx_word' id='word_1_41' title='bbox 785 1061 991 1145; x_wconf 87' lang='grc' dir='ltr'><strong><em>στεφοδότης·</em></strong></span> <span class='ocrx_word' id='word_1_42' title='bbox 1021 1061 1135 1134; x_wconf 90' lang='grc' dir='ltr'><strong><em>ἐπίθες</em></strong></span> <span class='ocrx_word' id='word_1_43' title='bbox 1163 1063 1257 1136; x_wconf 86' lang='grc' dir='ltr'><strong><em>ἄξιον</em></strong></span> <span class='ocrx_word' id='word_1_44' title='bbox 1286 1065 1387 1142; x_wconf 91' lang='grc' dir='ltr'><strong><em>πέρας</em></strong></span> <span class='ocrx_word' id='word_1_45' title='bbox 1416 1072 1480 1134; x_wconf 73' lang='grc' dir='ltr'><strong><em>τοῖς</em></strong></span> <span class='ocrx_word' id='word_1_46' title='bbox 1508 1060 1588 1151; x_wconf 82' lang='grc' dir='ltr'><strong><em>ὐπέρ</em></strong></span> <span class='ocrx_word' id='word_1_47' title='bbox 1612 1065 1669 1125; x_wconf 82' lang='grc' dir='ltr'><strong><em>σού</em></strong></span> <span class='ocrx_word' id='word_1_48' title='bbox 1689 1062 1806 1134; x_wconf 75' lang='grc' dir='ltr'><strong><em>τούτοις</em></strong></span> <span class='ocrx_word' id='word_1_49' title='bbox 1828 1062 1931 1139; x_wconf 87' lang='grc' dir='ltr'><strong><em>σκάμ-</em></strong></span> 
     </span>
     <span class='ocr_line' id='line_1_6' title="bbox 343 1161 1928 1248; baseline 0.002 -25"><span class='ocrx_word' id='word_1_50' title='bbox 343 1180 460 1238; x_wconf 94' lang='grc' dir='ltr'><strong><em>μασιν,</em></strong></span> <span class='ocrx_word' id='word_1_51' title='bbox 483 1161 608 1239; x_wconf 80' lang='grc' dir='ltr'><strong><em>δπόδος</em></strong></span> <span class='ocrx_word' id='word_1_52' title='bbox 629 1167 684 1228; x_wconf 85' lang='grc' dir='ltr'><strong><em>τόν</em></strong></span> <span class='ocrx_word' id='word_1_53' title='bbox 705 1170 865 1248; x_wconf 87' lang='grc' dir='ltr'><strong><em>στέφανον</em></strong></span> <span class='ocrx_word' id='word_1_54' title='bbox 886 1166 1017 1239; x_wconf 68' lang='grc' dir='ltr'><strong><em>ἐκεῖνον,</em></strong></span> <span class='ocrx_word' id='word_1_55' title='bbox 1040 1163 1179 1239; x_wconf 74' lang='grc' dir='ltr'><strong><em>α’πόδος,</em></strong></span> <span class='ocrx_word' id='word_1_56' title='bbox 1203 1165 1241 1226; x_wconf 85' lang='grc' dir='ltr'><strong><em>δν</em></strong></span> <span class='ocrx_word' id='word_1_57' title='bbox 1262 1166 1299 1227; x_wconf 91' lang='grc' dir='ltr'><strong><em>ἐν</em></strong></span> <span class='ocrx_word' id='word_1_58' title='bbox 1320 1175 1388 1238; x_wconf 68' lang='grc' dir='ltr'><strong><em>ταῖς</em></strong></span> <span class='ocrx_word' id='word_1_59' title='bbox 1410 1163 1580 1245; x_wconf 77' lang='grc' dir='ltr'><strong><em>α’χράντοις</em></strong></span> <span class='ocrx_word' id='word_1_60' title='bbox 1600 1167 1686 1243; x_wconf 84' lang='grc' dir='ltr'><strong><em>χερσί</em></strong></span> <span class='ocrx_word' id='word_1_61' title='bbox 1707 1180 1765 1226; x_wconf 93' lang='grc' dir='ltr'><strong><em>σου</em></strong></span> <span class='ocrx_word' id='word_1_62' title='bbox 1788 1166 1851 1245; x_wconf 92' lang='grc' dir='ltr'><strong><em>πρδ</em></strong></span> <span class='ocrx_word' id='word_1_63' title='bbox 1872 1188 1928 1243; x_wconf 90' lang='grc' dir='ltr'><strong><em>μι-</em></strong></span> 
     </span>
     <span class='ocr_line' id='line_1_7' title="bbox 343 1267 1929 1348; baseline 0.003 -23"><span class='ocrx_word' id='word_1_64' title='bbox 343 1268 421 1343; x_wconf 79' lang='grc' dir='ltr'><strong><em>κροῦ</em></strong></span> <span class='ocrx_word' id='word_1_65' title='bbox 446 1271 626 1347; x_wconf 90' lang='grc' dir='ltr'><strong><em>φερόμενον</em></strong></span> <span class='ocrx_word' id='word_1_66' title='bbox 647 1271 763 1344; x_wconf 78' lang='grc' dir='ltr'><strong><em>ἔγνων·</em></strong></span> <span class='ocrx_word' id='word_1_67' title='bbox 795 1268 903 1343; x_wconf 70' lang='grc' dir='ltr'><strong><em>δεῖξόν</em></strong></span> <span class='ocrx_word' id='word_1_68' title='bbox 924 1292 979 1347; x_wconf 89' lang='grc' dir='ltr'><strong><em>μοι</em></strong></span> <span class='ocrx_word' id='word_1_69' title='bbox 1010 1272 1063 1328; x_wconf 80' lang='grc' dir='ltr'><strong><em>καί</em></strong></span> <span class='ocrx_word' id='word_1_70' title='bbox 1093 1268 1195 1329; x_wconf 89' lang='grc' dir='ltr'><strong><em>πάλιν</em></strong></span> <span class='ocrx_word' id='word_1_71' title='bbox 1224 1269 1340 1329; x_wconf 82' lang='grc' dir='ltr'><strong><em>σαυτόν</em></strong></span> <span class='ocrx_word' id='word_1_72' title='bbox 1361 1267 1543 1346; x_wconf 74' lang='grc' dir='ltr'><strong><em>τελεώτερον</em></strong></span> <span class='ocrx_word' id='word_1_73' title='bbox 1565 1271 1635 1328; x_wconf 84' lang='grc' dir='ltr'><strong><em>νυνέ</em></strong></span> <span class='ocrx_word' id='word_1_74' title='bbox 1656 1273 1710 1329; x_wconf 78' lang='grc' dir='ltr'><strong><em>καί</em></strong></span> <span class='ocrx_word' id='word_1_75' title='bbox 1731 1269 1929 1348; x_wconf 89' lang='grc' dir='ltr'><strong><em>τρανότερον,</em></strong></span> 
     </span>
     <span class='ocr_line' id='line_1_8' title="bbox 344 1367 1928 1451; baseline 0.003 -23"><span class='ocrx_word' id='word_1_76' title='bbox 344 1367 379 1428; x_wconf 86' lang='grc' dir='ltr'><strong><em>τό</em></strong></span> <span class='ocrx_word' id='word_1_77' title='bbox 400 1372 463 1429; x_wconf 88' lang='grc' dir='ltr'><strong><em>τῶν</em></strong></span> <span class='ocrx_word' id='word_1_78' title='bbox 484 1369 621 1448; x_wconf 87' lang='grc' dir='ltr'><strong><em>ὐρεκτῶν</em></strong></span> <span class='ocrx_word' id='word_1_79' title='bbox 643 1373 740 1445; x_wconf 89' lang='grc' dir='ltr'><strong><em>ὄντως</em></strong></span> <span class='ocrx_word' id='word_1_80' title='bbox 762 1373 909 1451; x_wconf 80' lang='grc' dir='ltr'><strong><em>ἔσχατον,</em></strong></span> <span class='ocrx_word' id='word_1_81' title='bbox 943 1373 976 1432; x_wconf 91' lang='grc' dir='ltr'><strong><em>τδ</em></strong></span> <span class='ocrx_word' id='word_1_82' title='bbox 1005 1373 1087 1449; x_wconf 85' lang='grc' dir='ltr'><strong><em>μέγα</em></strong></span> <span class='ocrx_word' id='word_1_83' title='bbox 1116 1373 1268 1448; x_wconf 87' lang='grc' dir='ltr'><strong><em>βραβείον</em></strong></span> <span class='ocrx_word' id='word_1_84' title='bbox 1296 1374 1359 1431; x_wconf 90' lang='grc' dir='ltr'><strong><em>τῶν</em></strong></span> <span class='ocrx_word' id='word_1_85' title='bbox 1390 1369 1486 1442; x_wconf 80' lang='grc' dir='ltr'><strong><em>οὕτως</em></strong></span> <span class='ocrx_word' id='word_1_86' title='bbox 1507 1368 1589 1448; x_wconf 82' lang='grc' dir='ltr'><strong><em>ύπέρ</em></strong></span> <span class='ocrx_word' id='word_1_87' title='bbox 1611 1372 1668 1433; x_wconf 86' lang='grc' dir='ltr'><strong><em>σοῦ</em></strong></span> <span class='ocrx_word' id='word_1_88' title='bbox 1691 1369 1928 1435; x_wconf 88' lang='grc' dir='ltr'><strong><em>διαθλούντων·</em></strong></span> 
     </span>
     <span class='ocr_line' id='line_1_9' title="bbox 344 1471 1931 1556; baseline 0.004 -27"><span class='ocrx_word' id='word_1_89' title='bbox 344 1471 405 1544; x_wconf 81' lang='grc' dir='ltr'><strong><em>ἐγῶ</em></strong></span> <span class='ocrx_word' id='word_1_90' title='bbox 427 1472 488 1553; x_wconf 83' lang='grc' dir='ltr'><strong><em>γάρ</em></strong></span> <span class='ocrx_word' id='word_1_91' title='bbox 511 1473 721 1553; x_wconf 83' lang='grc' dir='ltr'><strong><em>δλοκαότωμα</em></strong></span> <span class='ocrx_word' id='word_1_92' title='bbox 744 1478 919 1555; x_wconf 84' lang='grc' dir='ltr'><strong><em>πρόθυμον</em></strong></span> <span class='ocrx_word' id='word_1_93' title='bbox 939 1473 1077 1553; x_wconf 81' lang='grc' dir='ltr'><strong><em>ἐμαυτὸν</em></strong></span> <span class='ocrx_word' id='word_1_94' title='bbox 1106 1471 1181 1535; x_wconf 87' lang='grc' dir='ltr'><strong><em>ίδού</em></strong></span> <span class='ocrx_word' id='word_1_95' title='bbox 1210 1491 1260 1536; x_wconf 90' lang='grc' dir='ltr'><strong><em>σοι</em></strong></span> <span class='ocrx_word' id='word_1_96' title='bbox 1289 1477 1478 1556; x_wconf 83' lang='grc' dir='ltr'><strong><em>προσφέρω,</em></strong></span> <span class='ocrx_word' id='word_1_97' title='bbox 1508 1473 1627 1542; x_wconf 89' lang='grc' dir='ltr'><strong><em>παντδς</em></strong></span> <span class='ocrx_word' id='word_1_98' title='bbox 1655 1471 1758 1535; x_wconf 86' lang='grc' dir='ltr'><strong><em>όλλου</em></strong></span> <span class='ocrx_word' id='word_1_99' title='bbox 1786 1472 1931 1551; x_wconf 86' lang='grc' dir='ltr'><strong><em>θύματος</em></strong></span> 
     </span>
     <span class='ocr_line' id='line_1_10' title="bbox 345 1571 1930 1657; baseline 0.001 -24"><span class='ocrx_word' id='word_1_100' title='bbox 345 1575 613 1656; x_wconf 77' lang='grc' dir='ltr'><strong><em>προσφιλέστερον</em></strong></span> <span class='ocrx_word' id='word_1_101' title='bbox 634 1575 668 1639; x_wconf 89' lang='grc' dir='ltr'><strong><em>εὐ</em></strong></span> <span class='ocrx_word' id='word_1_102' title='bbox 690 1576 763 1639; x_wconf 85' lang='grc' dir='ltr'><strong><em>οίόα</em></strong></span> <span class='ocrx_word' id='word_1_103' title='bbox 787 1583 840 1636; x_wconf 78' lang='grc' dir='ltr'><strong><em>καὶ</em></strong></span> <span class='ocrx_word' id='word_1_104' title='bbox 862 1576 1101 1657; x_wconf 80' lang='grc' dir='ltr'><strong><em>ποθεινότερον,</em></strong></span> <span class='ocrx_word' id='word_1_105' title='bbox 1138 1577 1183 1637; x_wconf 88' lang='grc' dir='ltr'><strong><em>ότι</em></strong></span> <span class='ocrx_word' id='word_1_106' title='bbox 1207 1577 1244 1639; x_wconf 88' lang='grc' dir='ltr'><strong><em>σύ</em></strong></span> <span class='ocrx_word' id='word_1_107' title='bbox 1268 1578 1346 1647; x_wconf 81' lang='grc' dir='ltr'><strong><em>θεὸς</em></strong></span> <span class='ocrx_word' id='word_1_108' title='bbox 1367 1575 1484 1654; x_wconf 90' lang='grc' dir='ltr'><strong><em>μόνος,</em></strong></span> <span class='ocrx_word' id='word_1_109' title='bbox 1514 1577 1592 1646; x_wconf 87' lang='grc' dir='ltr'><strong><em>θεός</em></strong></span> <span class='ocrx_word' id='word_1_110' title='bbox 1626 1571 1785 1656; x_wconf 84' lang='grc' dir='ltr'><strong><em>όληθινός</em></strong></span> <span class='ocrx_word' id='word_1_111' title='bbox 1814 1598 1846 1637; x_wconf 91' lang='grc' dir='ltr'><strong><em>τε</em></strong></span> <span class='ocrx_word' id='word_1_112' title='bbox 1876 1581 1930 1636; x_wconf 79' lang='grc' dir='ltr'><strong><em>καί</em></strong></span> 
     </span>
     <span class='ocr_line' id='line_1_11' title="bbox 343 1675 1931 1766; baseline 0.002 -31"><span class='ocrx_word' id='word_1_113' title='bbox 343 1675 483 1747; x_wconf 89' lang='grc' dir='ltr'><strong><em>δίκαιος·</em></strong></span> <span class='ocrx_word' id='word_1_114' title='bbox 508 1682 561 1737; x_wconf 79' lang='grc' dir='ltr'><strong><em>καί</em></strong></span> <span class='ocrx_word' id='word_1_115' title='bbox 576 1677 592 1738; x_wconf 83' lang='grc' dir='ltr'><strong><em>ό</em></strong></span> <span class='ocrx_word' id='word_1_116' title='bbox 607 1678 653 1750; x_wconf 88' lang='grc' dir='ltr'><strong><em>είς</em></strong></span> <span class='ocrx_word' id='word_1_117' title='bbox 675 1683 709 1739; x_wconf 84' lang='grc' dir='ltr'><strong><em>σέ</em></strong></span> <span class='ocrx_word' id='word_1_118' title='bbox 732 1678 868 1750; x_wconf 77' lang='grc' dir='ltr'><strong><em>ἐλπίζων</em></strong></span> <span class='ocrx_word' id='word_1_119' title='bbox 890 1677 927 1742; x_wconf 91' lang='grc' dir='ltr'><strong><em>οὐ</em></strong></span> <span class='ocrx_word' id='word_1_120' title='bbox 947 1680 989 1759; x_wconf 79' lang='grc' dir='ltr'><strong><em>μη“</em></strong></span> <span class='ocrx_word' id='word_1_121' title='bbox 1012 1679 1259 1766; x_wconf 78' lang='grc' dir='ltr'><strong><em>καταισχυνθῇ*.</em></strong></span> <span class='ocrx_word' id='word_1_122' title='bbox 1284 1678 1514 1760; x_wconf 67' lang='grc' dir='ltr'><strong><em>82τοιαύτημέν</em></strong></span> <span class='ocrx_word' id='word_1_123' title='bbox 1530 1676 1547 1761; x_wconf 76' lang='grc' dir='ltr'><em>ἢ</em></span> <span class='ocrx_word' id='word_1_124' title='bbox 1563 1679 1653 1760; x_wconf 75' lang='grc' dir='ltr'><strong><em>εὐχή·</em></strong></span> <span class='ocrx_word' id='word_1_125' title='bbox 1675 1679 1769 1756; x_wconf 76' lang='grc' dir='ltr'><strong><em>*μετὰ</em></strong></span> <span class='ocrx_word' id='word_1_126' title='bbox 1792 1676 1828 1738; x_wconf 84' lang='grc' dir='ltr'><strong><em>δέ</em></strong></span> <span class='ocrx_word' id='word_1_127' title='bbox 1851 1680 1931 1757; x_wconf 91' lang='grc' dir='ltr'><strong><em>πρδς</em></strong></span> 
     </span>
     <span class='ocr_line' id='line_1_12' title="bbox 343 1778 1930 1866; baseline 0.005 -27"><span class='ocrx_word' id='word_1_128' title='bbox 343 1778 482 1851; x_wconf 77' lang='grc' dir='ltr'><strong><em>ἐκείνους</em></strong></span> <span class='ocrx_word' id='word_1_129' title='bbox 502 1781 572 1852; x_wconf 86' lang='grc' dir='ltr'><strong><em>τοὺς</em></strong></span> <span class='ocrx_word' id='word_1_130' title='bbox 593 1781 664 1859; x_wconf 79' lang='grc' dir='ltr'><strong><em>ἄρτι</em></strong></span> <span class='ocrx_word' id='word_1_131' title='bbox 686 1784 919 1860; x_wconf 77' lang='grc' dir='ltr'><strong><em>προστιθέντας</em></strong></span> <span class='ocrx_word' id='word_1_132' title='bbox 940 1781 1151 1866; x_wconf 73' lang='grc' dir='ltr'><strong><em>ἐπιστραΙφεῖς</em></strong></span> <span class='ocrx_word' id='word_1_133' title='bbox 1174 1788 1228 1842; x_wconf 81' lang='grc' dir='ltr'><strong><em>καί</em></strong></span> <span class='ocrx_word' id='word_1_134' title='bbox 1244 1785 1389 1845; x_wconf 85' lang='grc' dir='ltr'><strong><em>τοσοῦτον</em></strong></span> <span class='ocrx_word' id='word_1_135' title='bbox 1403 1783 1506 1860; x_wconf 89' lang='grc' dir='ltr'><strong><em>μόνον</em></strong></span> <span class='ocrx_word' id='word_1_136' title='bbox 1525 1783 1625 1844; x_wconf 81' lang='grc' dir='ltr'><strong><em>είπῶν</em></strong></span> <span class='ocrx_word' id='word_1_137' title='bbox 1639 1779 1677 1842; x_wconf 84' lang='grc' dir='ltr'><em>Ὦ</em></span> <span class='ocrx_word' id='word_1_138' title='bbox 1696 1780 1786 1860; x_wconf 88' lang='grc' dir='ltr'><strong><em>φίλοι</em></strong></span> <span class='ocrx_word' id='word_1_139' title='bbox 1853 1783 1930 1847; x_wconf 73' lang='lat'><strong>165⁹</strong></span> 
     </span>
     <span class='ocr_line' id='line_1_13' title="bbox 344 1882 1930 1966; baseline 0.002 -24"><span class='ocrx_word' id='word_1_140' title='bbox 344 1886 577 1960; x_wconf 78' lang='grc' dir='ltr'><strong><em>συστρατιῶται,</em></strong></span> <span class='ocrx_word' id='word_1_141' title='bbox 602 1882 706 1961; x_wconf 84' lang='grc' dir='ltr'><strong><em>δρᾶτε,</em></strong></span> <span class='ocrx_word' id='word_1_142' title='bbox 727 1887 886 1963; x_wconf 76' lang='grc' dir='ltr'><strong><em>μιμεῖσθε,</em></strong></span> <span class='ocrx_word' id='word_1_143' title='bbox 911 1883 1128 1958; x_wconf 84' lang='grc' dir='ltr'><strong><em>άκολουθείτε,</em></strong></span> <span class='ocrx_word' id='word_1_144' title='bbox 1151 1884 1217 1945; x_wconf 82' lang='grc' dir='ltr'><strong><em>είτα</em></strong></span> <span class='ocrx_word' id='word_1_145' title='bbox 1240 1889 1294 1945; x_wconf 81' lang='grc' dir='ltr'><strong><em>καί</em></strong></span> <span class='ocrx_word' id='word_1_146' title='bbox 1315 1887 1349 1946; x_wconf 86' lang='grc' dir='ltr'><strong><em>τό</em></strong></span> <span class='ocrx_word' id='word_1_147' title='bbox 1374 1884 1512 1966; x_wconf 89' lang='grc' dir='ltr'><strong><em>σύνηθες</em></strong></span> <span class='ocrx_word' id='word_1_148' title='bbox 1533 1883 1750 1966; x_wconf 74' lang='grc' dir='ltr'><strong><em>φυλακτήριον</em></strong></span> <span class='ocrx_word' id='word_1_149' title='bbox 1765 1884 1930 1962; x_wconf 84' lang='grc' dir='ltr'><strong><em>ἐπιβολῶν</em></strong></span> 
     </span>
     <span class='ocr_line' id='line_1_14' title="bbox 343 1981 1930 2069; baseline 0.003 -25"><span class='ocrx_word' id='word_1_150' title='bbox 343 1981 463 2066; x_wconf 77' lang='grc' dir='ltr'><strong><em>ἐαυτῷ,</em></strong></span> <span class='ocrx_word' id='word_1_151' title='bbox 498 1986 532 2045; x_wconf 85' lang='grc' dir='ltr'><strong><em>τό</em></strong></span> <span class='ocrx_word' id='word_1_152' title='bbox 563 1986 731 2065; x_wconf 91' lang='grc' dir='ltr'><strong><em>σταυρικόν</em></strong></span> <span class='ocrx_word' id='word_1_153' title='bbox 759 1998 887 2068; x_wconf 78' lang='grc' dir='ltr'><strong><em>σημεῖον</em></strong></span> <span class='ocrx_word' id='word_1_154' title='bbox 909 1992 964 2047; x_wconf 77' lang='grc' dir='ltr'><strong><em>καί</em></strong></span> <span class='ocrx_word' id='word_1_155' title='bbox 985 1985 1244 2066; x_wconf 85' lang='grc' dir='ltr'><strong><em>άκαταίσχυντον,</em></strong></span> <span class='ocrx_word' id='word_1_156' title='bbox 1273 1985 1316 2059; x_wconf 86' lang='grc' dir='ltr'><strong><em>ῶς</em></strong></span> <span class='ocrx_word' id='word_1_157' title='bbox 1344 1986 1398 2049; x_wconf 93' lang='grc' dir='ltr'><strong><em>ἐπί</em></strong></span> <span class='ocrx_word' id='word_1_158' title='bbox 1426 2008 1496 2050; x_wconf 88' lang='grc' dir='ltr'><strong><em>πνα</em></strong></span> <span class='ocrx_word' id='word_1_159' title='bbox 1527 1992 1690 2069; x_wconf 65' lang='grc' dir='ltr'><strong><em>στρωμνὴν</em></strong></span> <span class='ocrx_word' id='word_1_160' title='bbox 1718 1984 1930 2061; x_wconf 83' lang='grc' dir='ltr'><strong><em>α’ναπαύσεως</em></strong></span> 
     </span>
     <span class='ocr_line' id='line_1_15' title="bbox 346 2084 1928 2177; baseline 0.002 -30"><span class='ocrx_word' id='word_1_161' title='bbox 346 2084 485 2167; x_wconf 88' lang='grc' dir='ltr'><strong><em>φαιδρός</em></strong></span> <span class='ocrx_word' id='word_1_162' title='bbox 513 2090 567 2147; x_wconf 81' lang='grc' dir='ltr'><strong><em>καί</em></strong></span> <span class='ocrx_word' id='word_1_163' title='bbox 588 2092 733 2171; x_wconf 77' lang='grc' dir='ltr'><strong><em>γεγηθώς</em></strong></span> <span class='ocrx_word' id='word_1_164' title='bbox 755 2085 856 2171; x_wconf 73' lang='grc' dir='ltr'><strong><em>ἱλαρῷ</em></strong></span> <span class='ocrx_word' id='word_1_165' title='bbox 880 2090 1040 2170; x_wconf 85' lang='grc' dir='ltr'><strong><em>προσῶπῳ</em></strong></span> <span class='ocrx_word' id='word_1_166' title='bbox 1070 2095 1124 2149; x_wconf 80' lang='grc' dir='ltr'><strong><em>καὶ</em></strong></span> <span class='ocrx_word' id='word_1_167' title='bbox 1145 2090 1300 2167; x_wconf 79' lang='grc' dir='ltr'><strong><em>βλέμματι</em></strong></span> <span class='ocrx_word' id='word_1_168' title='bbox 1328 2088 1495 2171; x_wconf 77' lang='grc' dir='ltr'><strong><em>ἐπαφῆκεν</em></strong></span> <span class='ocrx_word' id='word_1_169' title='bbox 1516 2088 1630 2151; x_wconf 76' lang='grc' dir='ltr'><strong><em>ἑαυτόν</em></strong></span> <span class='ocrx_word' id='word_1_170' title='bbox 1651 2093 1687 2177; x_wconf 75' lang='grc' dir='ltr'><strong><em>τῇ</em></strong></span> <span class='ocrx_word' id='word_1_171' title='bbox 1709 2091 1843 2172; x_wconf 79' lang='grc' dir='ltr'><strong><em>καμίνῳ,</em></strong></span> <span class='ocrx_word' id='word_1_172' title='bbox 1873 2089 1928 2154; x_wconf 86' lang='grc' dir='ltr'><strong><em>οὐκ</em></strong></span> 
     </span>
     <span class='ocr_line' id='line_1_16' title="bbox 345 2187 1929 2273; baseline 0.003 -24"><span class='ocrx_word' id='word_1_173' title='bbox 345 2187 522 2267; x_wconf 84' lang='grc' dir='ltr'><strong><em>α’ναμείνας</em></strong></span> <span class='ocrx_word' id='word_1_174' title='bbox 543 2188 662 2254; x_wconf 88' lang='grc' dir='ltr'><strong><em>οὐδένα</em></strong></span> <span class='ocrx_word' id='word_1_175' title='bbox 683 2195 746 2253; x_wconf 91' lang='grc' dir='ltr'><strong><em>τῶν</em></strong></span> <span class='ocrx_word' id='word_1_176' title='bbox 767 2191 811 2263; x_wconf 75' lang='grc' dir='ltr'><strong><em>εἰς</em></strong></span> <span class='ocrx_word' id='word_1_177' title='bbox 833 2192 944 2272; x_wconf 90' lang='grc' dir='ltr'><strong><em>ταύτην</em></strong></span> <span class='ocrx_word' id='word_1_178' title='bbox 965 2195 1160 2269; x_wconf 85' lang='grc' dir='ltr'><strong><em>τεταγμένων</em></strong></span> <span class='ocrx_word' id='word_1_179' title='bbox 1181 2194 1237 2273; x_wconf 78' lang='grc' dir='ltr'><strong><em>την</em></strong></span> <span class='ocrx_word' id='word_1_180' title='bbox 1258 2192 1463 2271; x_wconf 88' lang='grc' dir='ltr'><strong><em>λειτουργίαν.</em></strong></span> <span class='ocrx_word' id='word_1_181' title='bbox 1509 2190 1536 2229; x_wconf 78' lang='lat'><strong><em>³³</em></strong></span> <span class='ocrx_word' id='word_1_182' title='bbox 1545 2195 1632 2255; x_wconf 86' lang='grc' dir='ltr'><strong><em>τοῦτο</em></strong></span> <span class='ocrx_word' id='word_1_183' title='bbox 1653 2197 1687 2254; x_wconf 85' lang='grc' dir='ltr'><strong><em>τό</em></strong></span> <span class='ocrx_word' id='word_1_184' title='bbox 1710 2193 1815 2266; x_wconf 88' lang='grc' dir='ltr'><strong><em>τέλος,</em></strong></span> <span class='ocrx_word' id='word_1_185' title='bbox 1838 2187 1929 2264; x_wconf 82' lang='grc' dir='ltr'><strong><em>οὗτος</em></strong></span> 
     </span>
     <span class='ocr_line' id='line_1_17' title="bbox 345 2290 1929 2375; baseline 0.003 -22"><span class='ocrx_word' id='word_1_186' title='bbox 345 2291 503 2372; x_wconf 86' lang='grc' dir='ltr'><strong><em>όόρόμος</em></strong></span> <span class='ocrx_word' id='word_1_187' title='bbox 531 2297 586 2357; x_wconf 85' lang='grc' dir='ltr'><strong><em>τοῦ</em></strong></span> <span class='ocrx_word' id='word_1_188' title='bbox 616 2293 757 2372; x_wconf 91' lang='grc' dir='ltr'><strong><em>μεγάλου</em></strong></span> <span class='ocrx_word' id='word_1_189' title='bbox 788 2295 895 2358; x_wconf 87' lang='grc' dir='ltr'><strong><em>τούτου</em></strong></span> <span class='ocrx_word' id='word_1_190' title='bbox 926 2293 1174 2374; x_wconf 87' lang='grc' dir='ltr'><strong><em>σταδιοδρόμου·</em></strong></span> <span class='ocrx_word' id='word_1_191' title='bbox 1206 2290 1289 2357; x_wconf 82' lang='grc' dir='ltr'><strong><em>οὗτοι</em></strong></span> <span class='ocrx_word' id='word_1_192' title='bbox 1312 2291 1343 2355; x_wconf 77' lang='grc' dir='ltr'><strong><em>οἳ</em></strong></span> <span class='ocrx_word' id='word_1_193' title='bbox 1366 2294 1503 2369; x_wconf 84' lang='grc' dir='ltr'><strong><em>α’γῶνες·</em></strong></span> <span class='ocrx_word' id='word_1_194' title='bbox 1534 2298 1631 2359; x_wconf 74' lang='grc' dir='ltr'><strong><em>ταῦτα</em></strong></span> <span class='ocrx_word' id='word_1_195' title='bbox 1653 2298 1690 2356; x_wconf 82' lang='grc' dir='ltr'><strong><em>τὰ</em></strong></span> <span class='ocrx_word' id='word_1_196' title='bbox 1714 2295 1853 2375; x_wconf 92' lang='grc' dir='ltr'><strong><em>τρόπαια</em></strong></span> <span class='ocrx_word' id='word_1_197' title='bbox 1875 2299 1929 2357; x_wconf 80' lang='grc' dir='ltr'><strong><em>τοῦ</em></strong></span> 
     </span>
     <span class='ocr_line' id='line_1_18' title="bbox 346 2395 1928 2479; baseline 0.002 -22"><span class='ocrx_word' id='word_1_198' title='bbox 346 2399 398 2479; x_wconf 81' lang='grc' dir='ltr'><strong><em>τῆς</em></strong></span> <span class='ocrx_word' id='word_1_199' title='bbox 419 2395 578 2474; x_wconf 74' lang='grc' dir='ltr'><strong><em>εὐσεβείας</em></strong></span> <span class='ocrx_word' id='word_1_200' title='bbox 600 2398 781 2475; x_wconf 86' lang='grc' dir='ltr'><strong><em>προμάχου·</em></strong></span> <span class='ocrx_word' id='word_1_201' title='bbox 806 2396 903 2469; x_wconf 82' lang='grc' dir='ltr'><strong><em>οὕτως</em></strong></span> <span class='ocrx_word' id='word_1_202' title='bbox 925 2396 1059 2472; x_wconf 84' lang='grc' dir='ltr'><strong><em>ἐδόξασε</em></strong></span> <span class='ocrx_word' id='word_1_203' title='bbox 1083 2400 1164 2457; x_wconf 84' lang='grc' dir='ltr'><strong><em>θεόν</em></strong></span> <span class='ocrx_word' id='word_1_204' title='bbox 1186 2396 1239 2458; x_wconf 80' lang='grc' dir='ltr'><strong><em>ἐπὶ</em></strong></span> <span class='ocrx_word' id='word_1_205' title='bbox 1261 2400 1317 2479; x_wconf 81' lang='grc' dir='ltr'><strong><em>γῆς</em></strong></span> <span class='ocrx_word' id='word_1_206' title='bbox 1336 2406 1400 2470; x_wconf 79' lang='grc' dir='ltr'><strong><em>τοίς</em></strong></span> <span class='ocrx_word' id='word_1_207' title='bbox 1422 2395 1538 2461; x_wconf 79' lang='grc' dir='ltr'><strong><em>ἑαυτοῦ</em></strong></span> <span class='ocrx_word' id='word_1_208' title='bbox 1557 2397 1666 2477; x_wconf 89' lang='grc' dir='ltr'><strong><em>μέλεσί</em></strong></span> <span class='ocrx_word' id='word_1_209' title='bbox 1686 2419 1717 2458; x_wconf 88' lang='grc' dir='ltr'><strong><em>τε</em></strong></span> <span class='ocrx_word' id='word_1_210' title='bbox 1734 2402 1788 2458; x_wconf 80' lang='grc' dir='ltr'><strong><em>καὶ</em></strong></span> <span class='ocrx_word' id='word_1_211' title='bbox 1804 2397 1928 2460; x_wconf 90' lang='grc' dir='ltr'><strong><em>πάθεσι</em></strong></span> 
     </span>
     <span class='ocr_line' id='line_1_19' title="bbox 344 2497 1929 2585; baseline 0.003 -27"><span class='ocrx_word' id='word_1_212' title='bbox 344 2504 397 2559; x_wconf 76' lang='grc' dir='ltr'><strong><em>καί</em></strong></span> <span class='ocrx_word' id='word_1_213' title='bbox 428 2501 491 2578; x_wconf 87' lang='grc' dir='ltr'><strong><em>πρύ</em></strong></span> <span class='ocrx_word' id='word_1_214' title='bbox 521 2499 639 2561; x_wconf 87' lang='grc' dir='ltr'><strong><em>τούτων</em></strong></span> <span class='ocrx_word' id='word_1_215' title='bbox 668 2510 732 2573; x_wconf 76' lang='grc' dir='ltr'><strong><em>τοῖς</em></strong></span> <span class='ocrx_word' id='word_1_216' title='bbox 760 2501 861 2579; x_wconf 79' lang='grc' dir='ltr'><strong><em>ἔργοις</em></strong></span> <span class='ocrx_word' id='word_1_217' title='bbox 891 2504 944 2559; x_wconf 74' lang='grc' dir='ltr'><strong><em>καί</em></strong></span> <span class='ocrx_word' id='word_1_218' title='bbox 973 2502 1009 2585; x_wconf 78' lang='grc' dir='ltr'><strong><em>τῇ</em></strong></span> <span class='ocrx_word' id='word_1_219' title='bbox 1031 2501 1084 2561; x_wconf 83' lang='grc' dir='ltr'><strong><em>τοῦ</em></strong></span> <span class='ocrx_word' id='word_1_220' title='bbox 1106 2503 1176 2575; x_wconf 89' lang='grc' dir='ltr'><strong><em>βίου</em></strong></span> <span class='ocrx_word' id='word_1_221' title='bbox 1208 2497 1419 2581; x_wconf 72' lang='grc' dir='ltr'><strong><em>λαμπρότητι·</em></strong></span> <span class='ocrx_word' id='word_1_222' title='bbox 1460 2497 1557 2572; x_wconf 83' lang='grc' dir='ltr'><strong><em>οὕτως</em></strong></span> <span class='ocrx_word' id='word_1_223' title='bbox 1578 2499 1632 2561; x_wconf 77' lang='grc' dir='ltr'><strong><em>ἐπὶ</em></strong></span> <span class='ocrx_word' id='word_1_224' title='bbox 1653 2503 1734 2561; x_wconf 86' lang='grc' dir='ltr'><strong><em>πόσι</em></strong></span> <span class='ocrx_word' id='word_1_225' title='bbox 1755 2500 1872 2572; x_wconf 87' lang='grc' dir='ltr'><strong><em>τούτοις</em></strong></span> <span class='ocrx_word' id='word_1_226' title='bbox 1892 2501 1929 2562; x_wconf 89' lang='grc' dir='ltr'><strong><em>ἐν</em></strong></span> 
     </span>
     <span class='ocr_line' id='line_1_20' title="bbox 344 2599 1927 2684; baseline -0.002 -18"><span class='ocrx_word' id='word_1_227' title='bbox 344 2601 494 2680; x_wconf 73' lang='grc' dir='ltr'><strong><em>οὐρανοῖς</em></strong></span> <span class='ocrx_word' id='word_1_228' title='bbox 515 2603 590 2682; x_wconf 84' lang='grc' dir='ltr'><strong><em>παρ’</em></strong></span> <span class='ocrx_word' id='word_1_229' title='bbox 612 2602 734 2663; x_wconf 88' lang='grc' dir='ltr'><strong><em>ἐκείνου</em></strong></span> <span class='ocrx_word' id='word_1_230' title='bbox 757 2601 856 2664; x_wconf 88' lang='grc' dir='ltr'><strong><em>πλέον</em></strong></span> <span class='ocrx_word' id='word_1_231' title='bbox 878 2599 1123 2684; x_wconf 75' lang='grc' dir='ltr'><strong><em>α’ντεδοξάσθη,</em></strong></span> <span class='ocrx_word' id='word_1_232' title='bbox 1157 2605 1287 2664; x_wconf 86' lang='grc' dir='ltr'><strong><em>τοιαῦτα</em></strong></span> <span class='ocrx_word' id='word_1_233' title='bbox 1309 2600 1522 2680; x_wconf 74' lang='grc' dir='ltr'><strong><em>κομισάμενος</em></strong></span> <span class='ocrx_word' id='word_1_234' title='bbox 1544 2601 1679 2664; x_wconf 80' lang='grc' dir='ltr'><strong><em>ἔπαθλα</em></strong></span> <span class='ocrx_word' id='word_1_235' title='bbox 1701 2601 1723 2662; x_wconf 75' lang='grc' dir='ltr'><em>ἃ</em></span> <span class='ocrx_word' id='word_1_236' title='bbox 1745 2601 1821 2683; x_wconf 77' lang='grc' dir='ltr'><strong><em>μήτε</em></strong></span> <span class='ocrx_word' id='word_1_237' title='bbox 1842 2600 1927 2680; x_wconf 85' lang='grc' dir='ltr'><strong><em>λόγῳ</em></strong></span> 
     </span>
     <span class='ocr_line' id='line_1_21' title="bbox 345 2701 1929 2788; baseline 0.001 -22"><span class='ocrx_word' id='word_1_238' title='bbox 345 2703 424 2788; x_wconf 85' lang='grc' dir='ltr'><strong><em>ῥητά</em></strong></span> <span class='ocrx_word' id='word_1_239' title='bbox 446 2704 509 2766; x_wconf 84' lang='grc' dir='ltr'><strong><em>ἐστι</em></strong></span> <span class='ocrx_word' id='word_1_240' title='bbox 530 2706 607 2786; x_wconf 74' lang='grc' dir='ltr'><strong><em>μήτε</em></strong></span> <span class='ocrx_word' id='word_1_241' title='bbox 629 2707 706 2766; x_wconf 75' lang='grc' dir='ltr'><strong><em>ὠσίν</em></strong></span> <span class='ocrx_word' id='word_1_242' title='bbox 728 2703 867 2766; x_wconf 81' lang='grc' dir='ltr'><strong><em>α’κουστά</em></strong></span> <span class='ocrx_word' id='word_1_243' title='bbox 888 2704 963 2785; x_wconf 80' lang='grc' dir='ltr'><strong><em>μήτε</em></strong></span> <span class='ocrx_word' id='word_1_244' title='bbox 985 2703 1115 2782; x_wconf 83' lang='grc' dir='ltr'><strong><em>διανοίᾳ</em></strong></span> <span class='ocrx_word' id='word_1_245' title='bbox 1137 2702 1341 2786; x_wconf 87' lang='grc' dir='ltr'><strong><em>καταληπτά,</em></strong></span> <span class='ocrx_word' id='word_1_246' title='bbox 1377 2704 1398 2764; x_wconf 80' lang='grc' dir='ltr'><strong><em>ά</em></strong></span> <span class='ocrx_word' id='word_1_247' title='bbox 1431 2701 1598 2786; x_wconf 71' lang='grc' dir='ltr'><strong><em>ἡτοίμασεν</em></strong></span> <span class='ocrx_word' id='word_1_248' title='bbox 1627 2702 1645 2765; x_wconf 87' lang='grc' dir='ltr'><strong><em>δ</em></strong></span> <span class='ocrx_word' id='word_1_249' title='bbox 1669 2705 1767 2776; x_wconf 84' lang='grc' dir='ltr'><strong><em>θεός*</em></strong></span> <span class='ocrx_word' id='word_1_250' title='bbox 1790 2709 1844 2766; x_wconf 83' lang='grc' dir='ltr'><strong><em>καὶ</em></strong></span> <span class='ocrx_word' id='word_1_251' title='bbox 1865 2716 1929 2780; x_wconf 69' lang='grc' dir='ltr'><strong><em>τοῖς</em></strong></span> 
     </span>
     <span class='ocr_line' id='line_1_22' title="bbox 343 2804 1928 2890; baseline 0.003 -23"><span class='ocrx_word' id='word_1_252' title='bbox 343 2804 523 2879; x_wconf 83' lang='grc' dir='ltr'><strong><em>α’κινδύνως</em></strong></span> <span class='ocrx_word' id='word_1_253' title='bbox 552 2806 722 2880; x_wconf 86' lang='grc' dir='ltr'><strong><em>άγαπῶσιν</em></strong></span> <span class='ocrx_word' id='word_1_254' title='bbox 752 2805 865 2870; x_wconf 81' lang='grc' dir='ltr'><strong><em>αὐτόν·</em></strong></span> <span class='ocrx_word' id='word_1_255' title='bbox 901 2808 930 2868; x_wconf 85' lang='grc' dir='ltr'><strong><em>εί</em></strong></span> <span class='ocrx_word' id='word_1_256' title='bbox 959 2805 988 2867; x_wconf 73' lang='grc' dir='ltr'><strong><em>δ’</em></strong></span> <span class='ocrx_word' id='word_1_257' title='bbox 1017 2806 1148 2878; x_wconf 86' lang='grc' dir='ltr'><strong><em>ἐκείνοις</em></strong></span> <span class='ocrx_word' id='word_1_258' title='bbox 1178 2805 1237 2888; x_wconf 82' lang='grc' dir='ltr'><strong><em>ἤδη</em></strong></span> <span class='ocrx_word' id='word_1_259' title='bbox 1267 2809 1417 2880; x_wconf 83' lang='grc' dir='ltr'><strong><em>τοιαῦτα,</em></strong></span> <span class='ocrx_word' id='word_1_260' title='bbox 1451 2810 1520 2868; x_wconf 89' lang='grc' dir='ltr'><strong><em>τίνα</em></strong></span> <span class='ocrx_word' id='word_1_261' title='bbox 1558 2809 1600 2869; x_wconf 83' lang='grc' dir='ltr'><strong><em>δν</em></strong></span> <span class='ocrx_word' id='word_1_262' title='bbox 1631 2811 1687 2869; x_wconf 75' lang='grc' dir='ltr'><strong><em>καὶ</em></strong></span> <span class='ocrx_word' id='word_1_263' title='bbox 1715 2808 1833 2890; x_wconf 86' lang='grc' dir='ltr'><strong><em>πηλίκα</em></strong></span> <span class='ocrx_word' id='word_1_264' title='bbox 1863 2817 1928 2883; x_wconf 81' lang='grc' dir='ltr'><strong><em>τοίς</em></strong></span> 
     </span>
     <span class='ocr_line' id='line_1_23' title="bbox 344 2907 1927 2994; baseline 0.003 -22"><span class='ocrx_word' id='word_1_265' title='bbox 344 2908 486 2994; x_wconf 65' lang='grc' dir='ltr'><strong><em>τοσαῦίτα</em></strong></span> <span class='ocrx_word' id='word_1_266' title='bbox 508 2913 562 2970; x_wconf 77' lang='grc' dir='ltr'><strong><em>καί</em></strong></span> <span class='ocrx_word' id='word_1_267' title='bbox 584 2909 680 2982; x_wconf 81' lang='grc' dir='ltr'><strong><em>οὕτως</em></strong></span> <span class='ocrx_word' id='word_1_268' title='bbox 695 2909 774 2989; x_wconf 79' lang='grc' dir='ltr'><strong><em>ὑπὲρ</em></strong></span> <span class='ocrx_word' id='word_1_269' title='bbox 791 2908 885 2974; x_wconf 84' lang='grc' dir='ltr'><strong><em>αὐτοῦ</em></strong></span> <span class='ocrx_word' id='word_1_270' title='bbox 900 2907 1136 2987; x_wconf 76' lang='grc' dir='ltr'><strong><em>κινδυνεύσασις</em></strong></span> <span class='ocrx_word' id='word_1_271' title='bbox 1158 2909 1213 2991; x_wconf 79' lang='grc' dir='ltr'><strong><em>τήν</em></strong></span> <span class='ocrx_word' id='word_1_272' title='bbox 1234 2909 1373 2986; x_wconf 85' lang='grc' dir='ltr'><strong><em>ἐπίγειον</em></strong></span> <span class='ocrx_word' id='word_1_273' title='bbox 1395 2911 1501 2989; x_wconf 85' lang='grc' dir='ltr'><strong><em>μέντοι</em></strong></span> <span class='ocrx_word' id='word_1_274' title='bbox 1524 2908 1626 2984; x_wconf 87' lang='grc' dir='ltr'><strong><em>δόξαν</em></strong></span> <span class='ocrx_word' id='word_1_275' title='bbox 1646 2912 1699 2974; x_wconf 84' lang='grc' dir='ltr'><strong><em>τοῦ</em></strong></span> <span class='ocrx_word' id='word_1_276' title='bbox 1721 2930 1783 2972; x_wconf 85' lang='grc' dir='ltr'><strong><em>συε-</em></strong></span> <span class='ocrx_word' id='word_1_277' title='bbox 1850 2912 1927 2977; x_wconf 79' lang='grc' dir='ltr'><strong><em>166ι</em></strong></span> 
     </span>
     <span class='ocr_line' id='line_1_24' title="bbox 343 3010 1928 3095; baseline 0.001 -22"><span class='ocrx_word' id='word_1_278' title='bbox 343 3017 479 3095; x_wconf 88' lang='grc' dir='ltr'><strong><em>φανίτου</em></strong></span> <span class='ocrx_word' id='word_1_279' title='bbox 502 3019 555 3075; x_wconf 80' lang='grc' dir='ltr'><strong><em>καὶ</em></strong></span> <span class='ocrx_word' id='word_1_280' title='bbox 570 3012 685 3086; x_wconf 72' lang='grc' dir='ltr'><strong><em>ἀκοαῖς</em></strong></span> <span class='ocrx_word' id='word_1_281' title='bbox 699 3011 846 3085; x_wconf 81' lang='grc' dir='ltr'><strong><em>άπάσαις</em></strong></span> <span class='ocrx_word' id='word_1_282' title='bbox 867 3012 1060 3086; x_wconf 84' lang='grc' dir='ltr'><strong><em>ἐξάκουστον</em></strong></span> <span class='ocrx_word' id='word_1_283' title='bbox 1083 3018 1137 3073; x_wconf 77' lang='grc' dir='ltr'><strong><em>καί</em></strong></span> <span class='ocrx_word' id='word_1_284' title='bbox 1158 3011 1315 3087; x_wconf 85' lang='grc' dir='ltr'><strong><em>γλῶσσαις</em></strong></span> <span class='ocrx_word' id='word_1_285' title='bbox 1330 3010 1556 3091; x_wconf 86' lang='grc' dir='ltr'><strong><em>άνθρωπίναις</em></strong></span> <span class='ocrx_word' id='word_1_286' title='bbox 1578 3011 1728 3092; x_wconf 82' lang='grc' dir='ltr'><strong><em>δοίδιμον</em></strong></span> <span class='ocrx_word' id='word_1_287' title='bbox 1750 3010 1768 3075; x_wconf 86' lang='grc' dir='ltr'><strong><em>δ</em></strong></span> <span class='ocrx_word' id='word_1_288' title='bbox 1787 3014 1928 3089; x_wconf 87' lang='grc' dir='ltr'><strong><em>δοξάσας</em></strong></span> 
     </span>
     <span class='ocr_line' id='line_1_25' title="bbox 345 3112 1928 3197; baseline -0.001 -15"><span class='ocrx_word' id='word_1_289' title='bbox 345 3115 441 3182; x_wconf 87' lang='grc' dir='ltr'><strong><em>αὐτόν</em></strong></span> <span class='ocrx_word' id='word_1_290' title='bbox 457 3120 647 3196; x_wconf 78' lang='grc' dir='ltr'><strong><em>θεοπρεπῶς</em></strong></span> <span class='ocrx_word' id='word_1_291' title='bbox 662 3116 766 3178; x_wconf 82' lang='grc' dir='ltr'><strong><em>ἔθετο.</em></strong></span> <span class='ocrx_word' id='word_1_292' title='bbox 791 3114 878 3176; x_wconf 60' lang='grc' dir='ltr'><strong><em>εἰίνα</em></strong></span> <span class='ocrx_word' id='word_1_293' title='bbox 893 3118 954 3194; x_wconf 79' lang='grc' dir='ltr'><strong><em>γὰρ</em></strong></span> <span class='ocrx_word' id='word_1_294' title='bbox 970 3118 1065 3195; x_wconf 92' lang='grc' dir='ltr'><strong><em>παρῶ</em></strong></span> <span class='ocrx_word' id='word_1_295' title='bbox 1081 3112 1192 3188; x_wconf 88' lang='grc' dir='ltr'><strong><em>τάλλα,</em></strong></span> <span class='ocrx_word' id='word_1_296' title='bbox 1217 3113 1284 3177; x_wconf 75' lang='grc' dir='ltr'><strong><em>οἷον</em></strong></span> <span class='ocrx_word' id='word_1_297' title='bbox 1299 3113 1410 3178; x_wconf 86' lang='grc' dir='ltr'><strong><em>αὐτίκα</em></strong></span> <span class='ocrx_word' id='word_1_298' title='bbox 1424 3116 1480 3196; x_wconf 78' lang='grc' dir='ltr'><strong><em>τὴν</em></strong></span> <span class='ocrx_word' id='word_1_299' title='bbox 1493 3121 1547 3180; x_wconf 80' lang='grc' dir='ltr'><strong><em>τοῦ</em></strong></span> <span class='ocrx_word' id='word_1_300' title='bbox 1558 3119 1751 3195; x_wconf 86' lang='grc' dir='ltr'><strong><em>μαρτυρικοῦ</em></strong></span> <span class='ocrx_word' id='word_1_301' title='bbox 1765 3116 1928 3197; x_wconf 79' lang='grc' dir='ltr'><strong><em>λειψάνου</em></strong></span> 
     </span>
     <span class='ocr_line' id='line_1_26' title="bbox 345 3215 1928 3303; baseline -0.001 -20"><span class='ocrx_word' id='word_1_302' title='bbox 345 3221 446 3303; x_wconf 76' lang='grc' dir='ltr'><strong><em>τιμήν,</em></strong></span> <span class='ocrx_word' id='word_1_303' title='bbox 477 3221 495 3283; x_wconf 85' lang='grc' dir='ltr'><strong><em>ὃ</em></strong></span> <span class='ocrx_word' id='word_1_304' title='bbox 524 3221 559 3282; x_wconf 86' lang='grc' dir='ltr'><strong><em>τό</em></strong></span> <span class='ocrx_word' id='word_1_305' title='bbox 590 3223 654 3298; x_wconf 85' lang='grc' dir='ltr'><strong><em>πῦρ</em></strong></span> <span class='ocrx_word' id='word_1_306' title='bbox 687 3218 843 3280; x_wconf 80' lang='grc' dir='ltr'><strong><em>αέὐεοθὲν</em></strong></span> <span class='ocrx_word' id='word_1_307' title='bbox 869 3216 977 3290; x_wconf 84' lang='grc' dir='ltr'><strong><em>άσινές</em></strong></span> <span class='ocrx_word' id='word_1_308' title='bbox 1007 3218 1133 3300; x_wconf 77' lang='grc' dir='ltr'><strong><em>ἐτήρησε</em></strong></span> <span class='ocrx_word' id='word_1_309' title='bbox 1162 3222 1216 3279; x_wconf 75' lang='grc' dir='ltr'><strong><em>καὶ</em></strong></span> <span class='ocrx_word' id='word_1_310' title='bbox 1246 3215 1439 3297; x_wconf 81' lang='grc' dir='ltr'><strong><em>δλόμαντον,</em></strong></span> <span class='ocrx_word' id='word_1_311' title='bbox 1461 3218 1518 3301; x_wconf 74' lang='grc' dir='ltr'><strong><em>τη“ν</em></strong></span> <span class='ocrx_word' id='word_1_312' title='bbox 1540 3218 1786 3301; x_wconf 85' lang='grc' dir='ltr'><strong><em>περτδοξοτάτην</em></strong></span> <span class='ocrx_word' id='word_1_313' title='bbox 1806 3219 1928 3302; x_wconf 89' lang='grc' dir='ltr'><strong><em>ἐκείνην</em></strong></span> 
     </span>
     <span class='ocr_line' id='line_1_27' title="bbox 345 3319 1928 3404; baseline 0 -19"><span class='ocrx_word' id='word_1_314' title='bbox 345 3329 398 3386; x_wconf 80' lang='grc' dir='ltr'><strong><em>καί</em></strong></span> <span class='ocrx_word' id='word_1_315' title='bbox 421 3322 640 3404; x_wconf 81' lang='grc' dir='ltr'><strong><em>πολυύμνητον</em></strong></span> <span class='ocrx_word' id='word_1_316' title='bbox 672 3319 872 3402; x_wconf 77' lang='grc' dir='ltr'><strong><em>α’νακομιόην</em></strong></span> <span class='ocrx_word' id='word_1_317' title='bbox 900 3325 953 3382; x_wconf 79' lang='grc' dir='ltr'><strong><em>καί</em></strong></span> <span class='ocrx_word' id='word_1_318' title='bbox 974 3321 1115 3401; x_wconf 87' lang='grc' dir='ltr'><strong><em>κηδείαν,</em></strong></span> <span class='ocrx_word' id='word_1_319' title='bbox 1147 3322 1203 3403; x_wconf 74' lang='grc' dir='ltr'><strong><em>την</em></strong></span> <span class='ocrx_word' id='word_1_320' title='bbox 1223 3325 1276 3402; x_wconf 80' lang='grc' dir='ltr'><strong><em>τῆς</em></strong></span> <span class='ocrx_word' id='word_1_321' title='bbox 1297 3320 1455 3400; x_wconf 87' lang='grc' dir='ltr'><strong><em>εὐσεβείας</em></strong></span> <span class='ocrx_word' id='word_1_322' title='bbox 1477 3319 1648 3398; x_wconf 84' lang='grc' dir='ltr'><strong><em>ἐπιόνυμον</em></strong></span> <span class='ocrx_word' id='word_1_323' title='bbox 1669 3320 1804 3403; x_wconf 80' lang='grc' dir='ltr'><strong><em>άληθῶς</em></strong></span> <span class='ocrx_word' id='word_1_324' title='bbox 1826 3321 1928 3385; x_wconf 85' lang='grc' dir='ltr'><strong><em>Εὐσέ-</em></strong></span> 
     </span>
     <span class='ocr_line' id='line_1_28' title="bbox 345 3419 1926 3508; baseline -0.002 -19"><span class='ocrx_word' id='word_1_325' title='bbox 345 3428 465 3507; x_wconf 83' lang='grc' dir='ltr'><strong><em>βειαν*,</em></strong></span> <span class='ocrx_word' id='word_1_326' title='bbox 486 3428 543 3508; x_wconf 75' lang='grc' dir='ltr'><strong><em>την</em></strong></span> <span class='ocrx_word' id='word_1_327' title='bbox 564 3424 785 3506; x_wconf 89' lang='grc' dir='ltr'><strong><em>εὐγενεστάτην</em></strong></span> <span class='ocrx_word' id='word_1_328' title='bbox 806 3425 928 3506; x_wconf 79' lang='grc' dir='ltr'><strong><em>ἐκείνην</em></strong></span> <span class='ocrx_word' id='word_1_329' title='bbox 948 3426 1110 3498; x_wconf 85' lang='grc' dir='ltr'><strong><em>γυναικῶν</em></strong></span> <span class='ocrx_word' id='word_1_330' title='bbox 1140 3429 1193 3484; x_wconf 83' lang='grc' dir='ltr'><strong><em>καί</em></strong></span> <span class='ocrx_word' id='word_1_331' title='bbox 1216 3426 1442 3505; x_wconf 78' lang='grc' dir='ltr'><strong><em>κοσμιωτάτην,</em></strong></span> <span class='ocrx_word' id='word_1_332' title='bbox 1465 3419 1532 3505; x_wconf 77' lang='grc' dir='ltr'><strong><em>ἧςὴ</em></strong></span> <span class='ocrx_word' id='word_1_333' title='bbox 1549 3429 1605 3487; x_wconf 80' lang='grc' dir='ltr'><strong><em>νῦν</em></strong></span> <span class='ocrx_word' id='word_1_334' title='bbox 1619 3423 1713 3497; x_wconf 88' lang='grc' dir='ltr'><strong><em>πόλις</em></strong></span> <span class='ocrx_word' id='word_1_335' title='bbox 1728 3423 1804 3506; x_wconf 84' lang='grc' dir='ltr'><strong><em>αὕτη</em></strong></span> <span class='ocrx_word' id='word_1_336' title='bbox 1825 3426 1926 3506; x_wconf 77' lang='grc' dir='ltr'><strong><em>κτῆμα</em></strong></span> 
     </span>
     <span class='ocr_line' id='line_1_29' title="bbox 345 3524 1927 3612; baseline -0.001 -19"><span class='ocrx_word' id='word_1_337' title='bbox 345 3530 449 3593; x_wconf 91' lang='grc' dir='ltr'><strong><em>πάλαι</em></strong></span> <span class='ocrx_word' id='word_1_338' title='bbox 472 3530 626 3609; x_wconf 85' lang='grc' dir='ltr'><strong><em>πατρικδν</em></strong></span> <span class='ocrx_word' id='word_1_339' title='bbox 648 3526 686 3609; x_wconf 79' lang='grc' dir='ltr'><strong><em>ἦν</em></strong></span> <span class='ocrx_word' id='word_1_340' title='bbox 709 3526 766 3612; x_wconf 71' lang='grc' dir='ltr'><strong><em>(ὡς</em></strong></span> <span class='ocrx_word' id='word_1_341' title='bbox 788 3526 915 3609; x_wconf 81' lang='grc' dir='ltr'><strong><em>λόγος)·</em></strong></span> <span class='ocrx_word' id='word_1_342' title='bbox 948 3526 1016 3587; x_wconf 77' lang='grc' dir='ltr'><strong><em>έπεῖ</em></strong></span> <span class='ocrx_word' id='word_1_343' title='bbox 1039 3524 1074 3587; x_wconf 79' lang='grc' dir='ltr'><strong><em>δὲ</em></strong></span> <span class='ocrx_word' id='word_1_344' title='bbox 1097 3525 1251 3608; x_wconf 82' lang='grc' dir='ltr'><strong><em>άνόνητον</em></strong></span> <span class='ocrx_word' id='word_1_345' title='bbox 1270 3526 1442 3604; x_wconf 90' lang='grc' dir='ltr'><strong><em>γενόμενον</em></strong></span> <span class='ocrx_word' id='word_1_346' title='bbox 1462 3528 1559 3610; x_wconf 81' lang='grc' dir='ltr'><strong><em>ταύτῃ</em></strong></span> <span class='ocrx_word' id='word_1_347' title='bbox 1582 3524 1637 3588; x_wconf 81' lang='grc' dir='ltr'><strong><em>διά</em></strong></span> <span class='ocrx_word' id='word_1_348' title='bbox 1659 3527 1693 3588; x_wconf 86' lang='grc' dir='ltr'><strong><em>τό</em></strong></span> <span class='ocrx_word' id='word_1_349' title='bbox 1715 3526 1927 3608; x_wconf 82' lang='grc' dir='ltr'><strong><em>ἐμφωλεῦσαν</em></strong></span> 
     </span>
     <span class='ocr_line' id='line_1_30' title="bbox 345 3625 1927 3713; baseline -0.002 -17"><span class='ocrx_word' id='word_1_350' title='bbox 345 3633 539 3713; x_wconf 85' lang='grc' dir='ltr'><strong><em>άκάθαρτον</em></strong></span> <span class='ocrx_word' id='word_1_351' title='bbox 567 3631 732 3712; x_wconf 88' lang='grc' dir='ltr'><strong><em>ἐπωφελές</em></strong></span> <span class='ocrx_word' id='word_1_352' title='bbox 759 3654 789 3692; x_wconf 86' lang='grc' dir='ltr'><strong><em>τε</em></strong></span> <span class='ocrx_word' id='word_1_353' title='bbox 818 3635 871 3691; x_wconf 80' lang='grc' dir='ltr'><strong><em>καὶ</em></strong></span> <span class='ocrx_word' id='word_1_354' title='bbox 900 3630 1052 3710; x_wconf 82' lang='grc' dir='ltr'><strong><em>χρήσιμον</em></strong></span> <span class='ocrx_word' id='word_1_355' title='bbox 1074 3627 1242 3690; x_wconf 87' lang='grc' dir='ltr'><strong><em>α’πέδωκεν</em></strong></span> <span class='ocrx_word' id='word_1_356' title='bbox 1263 3625 1365 3702; x_wconf 86' lang='grc' dir='ltr'><strong><em>αὐτος,</em></strong></span> <span class='ocrx_word' id='word_1_357' title='bbox 1387 3630 1426 3689; x_wconf 80' lang='grc' dir='ltr'><strong><em>ὃν</em></strong></span> <span class='ocrx_word' id='word_1_358' title='bbox 1447 3633 1629 3710; x_wconf 89' lang='grc' dir='ltr'><strong><em>προείρηται</em></strong></span> <span class='ocrx_word' id='word_1_359' title='bbox 1650 3633 1772 3710; x_wconf 85' lang='grc' dir='ltr'><strong><em>τρόπον</em></strong></span> <span class='ocrx_word' id='word_1_360' title='bbox 1794 3630 1927 3693; x_wconf 88' lang='grc' dir='ltr'><strong><em>ἐλευθε-</em></strong></span> 
     </span>
     <span class='ocr_line' id='line_1_31' title="bbox 345 3729 1928 3816; baseline -0.004 -16"><span class='ocrx_word' id='word_1_361' title='bbox 345 3740 469 3816; x_wconf 87' lang='grc' dir='ltr'><strong><em>ρῶσας,</em></strong></span> <span class='ocrx_word' id='word_1_362' title='bbox 498 3734 554 3801; x_wconf 89' lang='grc' dir='ltr'><strong><em>οὐκ</em></strong></span> <span class='ocrx_word' id='word_1_363' title='bbox 577 3735 738 3813; x_wconf 83' lang='grc' dir='ltr'><strong><em>άγνῶμων</em></strong></span> <span class='ocrx_word' id='word_1_364' title='bbox 760 3733 865 3815; x_wconf 87' lang='grc' dir='ltr'><strong><em>ἐφάνη</em></strong></span> <span class='ocrx_word' id='word_1_365' title='bbox 887 3737 958 3811; x_wconf 77' lang='grc' dir='ltr'><strong><em>περὶ</em></strong></span> <span class='ocrx_word' id='word_1_366' title='bbox 980 3736 1034 3794; x_wconf 85' lang='grc' dir='ltr'><strong><em>τὸν</em></strong></span> <span class='ocrx_word' id='word_1_367' title='bbox 1054 3730 1213 3813; x_wconf 87' lang='grc' dir='ltr'><strong><em>εὐεργέτην</em></strong></span> <span class='ocrx_word' id='word_1_368' title='bbox 1235 3729 1463 3813; x_wconf 80' lang='grc' dir='ltr'><strong><em>ἧθαυμασία,</em></strong></span> <span class='ocrx_word' id='word_1_369' title='bbox 1496 3730 1581 3793; x_wconf 80' lang='grc' dir='ltr'><strong><em>α’λλοὶ</em></strong></span> <span class='ocrx_word' id='word_1_370' title='bbox 1603 3731 1850 3812; x_wconf 85' lang='grc' dir='ltr'><strong><em>μεγαλοπρεπῶς</em></strong></span> <span class='ocrx_word' id='word_1_371' title='bbox 1874 3738 1928 3794; x_wconf 77' lang='grc' dir='ltr'><strong><em>καὶ</em></strong></span> 
     </span>
     <span class='ocr_line' id='line_1_32' title="bbox 344 3833 1926 3923; baseline -0.003 -20"><span class='ocrx_word' id='word_1_372' title='bbox 344 3838 442 3916; x_wconf 82' lang='grc' dir='ltr'><strong><em>άξίως</em></strong></span> <span class='ocrx_word' id='word_1_373' title='bbox 473 3840 506 3902; x_wconf 88' lang='grc' dir='ltr'><strong><em>τδ</em></strong></span> <span class='ocrx_word' id='word_1_374' title='bbox 540 3837 735 3901; x_wconf 81' lang='grc' dir='ltr'><strong><em>πολύαθλον</em></strong></span> <span class='ocrx_word' id='word_1_375' title='bbox 767 3840 859 3914; x_wconf 92' lang='grc' dir='ltr'><strong><em>σῶμα</em></strong></span> <span class='ocrx_word' id='word_1_376' title='bbox 891 3834 964 3920; x_wconf 80' lang='grc' dir='ltr'><strong><em>τῇδε</em></strong></span> <span class='ocrx_word' id='word_1_377' title='bbox 998 3838 1173 3915; x_wconf 91' lang='grc' dir='ltr'><strong><em>κομίσασα,</em></strong></span> <span class='ocrx_word' id='word_1_378' title='bbox 1213 3833 1308 3898; x_wconf 81' lang='grc' dir='ltr'><strong><em>αὐτοῦ</em></strong></span> <span class='ocrx_word' id='word_1_379' title='bbox 1339 3856 1403 3897; x_wconf 92' lang='grc' dir='ltr'><strong><em>που</em></strong></span> <span class='ocrx_word' id='word_1_380' title='bbox 1439 3837 1591 3896; x_wconf 87' lang='grc' dir='ltr'><strong><em>κατέθετο</em></strong></span> <span class='ocrx_word' id='word_1_381' title='bbox 1619 3838 1675 3898; x_wconf 86' lang='grc' dir='ltr'><strong><em>σύν</em></strong></span> <span class='ocrx_word' id='word_1_382' title='bbox 1710 3837 1798 3923; x_wconf 81' lang='grc' dir='ltr'><strong><em>πάση</em></strong></span> <span class='ocrx_word' id='word_1_383' title='bbox 1832 3837 1926 3918; x_wconf 85' lang='grc' dir='ltr'><strong><em>φιλο-</em></strong></span> 
     </span>
     <span class='ocr_line' id='line_1_33' title="bbox 343 3935 1927 4031; baseline -0.001 -24"><span class='ocrx_word' id='word_1_384' title='bbox 343 3949 497 4031; x_wconf 82' lang='grc' dir='ltr'><strong><em>φροσύνη,</em></strong></span> <span class='ocrx_word' id='word_1_385' title='bbox 528 3943 617 4004; x_wconf 88' lang='grc' dir='ltr'><strong><em>πάνυ</em></strong></span> <span class='ocrx_word' id='word_1_386' title='bbox 646 3943 809 4020; x_wconf 89' lang='grc' dir='ltr'><strong><em>πρέποντα</em></strong></span> <span class='ocrx_word' id='word_1_387' title='bbox 837 3940 959 4017; x_wconf 82' lang='grc' dir='ltr'><strong><em>μισθὸν</em></strong></span> <span class='ocrx_word' id='word_1_388' title='bbox 985 3935 1154 4000; x_wconf 81' lang='grc' dir='ltr'><strong><em>α’ποδοῦσα</em></strong></span> <span class='ocrx_word' id='word_1_389' title='bbox 1183 3940 1227 4021; x_wconf 82' lang='grc' dir='ltr'><strong><em>τῶ</em></strong></span> <span class='ocrx_word' id='word_1_390' title='bbox 1255 3939 1308 4001; x_wconf 85' lang='grc' dir='ltr'><strong><em>τοῦ</em></strong></span> <span class='ocrx_word' id='word_1_391' title='bbox 1337 3937 1464 4024; x_wconf 60' lang='grc' dir='ltr'><strong><em>χωλρίου</em></strong></span> <span class='ocrx_word' id='word_1_392' title='bbox 1493 3940 1607 4019; x_wconf 78' lang='grc' dir='ltr'><strong><em>σωτῆρι</em></strong></span> <span class='ocrx_word' id='word_1_393' title='bbox 1636 3935 1713 4000; x_wconf 85' lang='grc' dir='ltr'><strong><em>αὐτό</em></strong></span> <span class='ocrx_word' id='word_1_394' title='bbox 1747 3942 1780 4000; x_wconf 84' lang='grc' dir='ltr'><strong><em>τὸ</em></strong></span> <span class='ocrx_word' id='word_1_395' title='bbox 1849 3940 1927 4006; x_wconf 73' lang='grc'><strong><em>1662</em></strong></span> 
     </span>
     <span class='ocr_line' id='line_1_34' title="bbox 347 4038 1927 4130; baseline -0.004 -19"><span class='ocrx_word' id='word_1_396' title='bbox 347 4052 422 4130; x_wconf 81' lang='grc' dir='ltr'><strong><em>παρ’</em></strong></span> <span class='ocrx_word' id='word_1_397' title='bbox 451 4048 572 4110; x_wconf 86' lang='grc' dir='ltr'><strong><em>ἐκείνου</em></strong></span> <span class='ocrx_word' id='word_1_398' title='bbox 603 4047 712 4106; x_wconf 71' lang='grc' dir='ltr'><strong><em>σωθὲν</em></strong></span> <span class='ocrx_word' id='word_1_399' title='bbox 742 4041 785 4114; x_wconf 88' lang='grc' dir='ltr'><strong><em>ῶς</em></strong></span> <span class='ocrx_word' id='word_1_400' title='bbox 812 4040 894 4102; x_wconf 84' lang='grc' dir='ltr'><strong><em>ἄλλο</em></strong></span> <span class='ocrx_word' id='word_1_401' title='bbox 916 4064 944 4102; x_wconf 87' lang='grc' dir='ltr'><strong><em>τι</em></strong></span> <span class='ocrx_word' id='word_1_402' title='bbox 966 4045 1009 4122; x_wconf 77' lang='grc' dir='ltr'><strong><em>τῷ</em></strong></span> <span class='ocrx_word' id='word_1_403' title='bbox 1040 4041 1106 4102; x_wconf 88' lang='grc' dir='ltr'><strong><em>ὄντι</em></strong></span> <span class='ocrx_word' id='word_1_404' title='bbox 1136 4041 1323 4122; x_wconf 87' lang='grc' dir='ltr'><strong><em>δορύκτητον</em></strong></span> <span class='ocrx_word' id='word_1_405' title='bbox 1352 4038 1526 4119; x_wconf 80' lang='grc' dir='ltr'><strong><em>ὐριστετον·</em></strong></span> <span class='ocrx_word' id='word_1_406' title='bbox 1559 4038 1734 4104; x_wconf 80' lang='grc' dir='ltr'><strong><em>κάντεῑθεν</em></strong></span> <span class='ocrx_word' id='word_1_407' title='bbox 1764 4041 1781 4104; x_wconf 87' lang='grc' dir='ltr'><strong><em>ό</em></strong></span> <span class='ocrx_word' id='word_1_408' title='bbox 1811 4041 1927 4118; x_wconf 85' lang='grc' dir='ltr'><strong><em>γλυκύς</em></strong></span> 
     </span>
     <span class='ocr_line' id='line_1_35' title="bbox 344 4141 1927 4238; baseline -0.005 -25"><span class='ocrx_word' id='word_1_409' title='bbox 344 4153 509 4235; x_wconf 83' lang='grc' dir='ltr'><strong><em>θησαυρὸς</em></strong></span> <span class='ocrx_word' id='word_1_410' title='bbox 530 4153 567 4238; x_wconf 69' lang='grc' dir='ltr'><strong><em>τη·</em></strong></span> <span class='ocrx_word' id='word_1_411' title='bbox 586 4147 755 4230; x_wconf 78' lang='grc' dir='ltr'><strong><em>οἰκουμένη</em></strong></span> <span class='ocrx_word' id='word_1_412' title='bbox 777 4142 865 4230; x_wconf 77' lang='grc' dir='ltr'><strong><em>πάσῃ</em></strong></span> <span class='ocrx_word' id='word_1_413' title='bbox 887 4147 1109 4225; x_wconf 87' lang='grc' dir='ltr'><strong><em>κατεμερίσθη,</em></strong></span> <span class='ocrx_word' id='word_1_414' title='bbox 1131 4142 1187 4206; x_wconf 92' lang='grc' dir='ltr'><strong><em>οὐκ</em></strong></span> <span class='ocrx_word' id='word_1_415' title='bbox 1210 4142 1341 4205; x_wconf 87' lang='grc' dir='ltr'><strong><em>άνεκτδν</em></strong></span> <span class='ocrx_word' id='word_1_416' title='bbox 1355 4149 1409 4223; x_wconf 78' lang='grc' dir='ltr'><strong><em>τῆς</em></strong></span> <span class='ocrx_word' id='word_1_417' title='bbox 1424 4142 1552 4215; x_wconf 86' lang='grc' dir='ltr'><strong><em>δικαίας</em></strong></span> <span class='ocrx_word' id='word_1_418' title='bbox 1565 4146 1718 4222; x_wconf 89' lang='grc' dir='ltr'><strong><em>προνοίας</em></strong></span> <span class='ocrx_word' id='word_1_419' title='bbox 1731 4141 1927 4227; x_wconf 70' lang='grc' dir='ltr'><strong><em>η’γησαμένης</em></strong></span> 
     </span>
     <span class='ocr_line' id='line_1_36' title="bbox 343 4243 1926 4328; baseline -0.005 -11"><span class='ocrx_word' id='word_1_420' title='bbox 343 4277 397 4317; x_wconf 86' lang='grc' dir='ltr'><strong><em>τον</em></strong></span> <span class='ocrx_word' id='word_1_421' title='bbox 418 4252 527 4316; x_wconf 88' lang='grc' dir='ltr'><strong><em>κοινόν</em></strong></span> <span class='ocrx_word' id='word_1_422' title='bbox 547 4275 578 4314; x_wconf 87' lang='grc' dir='ltr'><strong><em>τε</em></strong></span> <span class='ocrx_word' id='word_1_423' title='bbox 603 4256 655 4312; x_wconf 77' lang='grc' dir='ltr'><strong><em>καί</em></strong></span> <span class='ocrx_word' id='word_1_424' title='bbox 678 4245 879 4326; x_wconf 89' lang='grc' dir='ltr'><strong><em>παγκύσμιον</em></strong></span> <span class='ocrx_word' id='word_1_425' title='bbox 900 4245 1036 4308; x_wconf 83' lang='grc' dir='ltr'><strong><em>πλούτου</em></strong></span> <span class='ocrx_word' id='word_1_426' title='bbox 1057 4244 1103 4307; x_wconf 74' lang='grc' dir='ltr'><strong><em>ἑνί</em></strong></span> <span class='ocrx_word' id='word_1_427' title='bbox 1125 4246 1213 4327; x_wconf 87' lang='grc' dir='ltr'><strong><em>μόνῳ</em></strong></span> <span class='ocrx_word' id='word_1_428' title='bbox 1236 4243 1323 4328; x_wconf 86' lang='grc' dir='ltr'><strong><em>τόπῳ</em></strong></span> <span class='ocrx_word' id='word_1_429' title='bbox 1346 4247 1637 4323; x_wconf 87' lang='grc' dir='ltr'><strong><em>καταχαρίσασθαι,</em></strong></span> <span class='ocrx_word' id='word_1_430' title='bbox 1661 4245 1740 4327; x_wconf 75' lang='grc' dir='ltr'><strong><em>ἃδη</em></strong></span> <span class='ocrx_word' id='word_1_431' title='bbox 1763 4251 1818 4307; x_wconf 77' lang='grc' dir='ltr'><strong><em>καὶ</em></strong></span> <span class='ocrx_word' id='word_1_432' title='bbox 1838 4247 1926 4327; x_wconf 89' lang='grc' dir='ltr'><strong><em>μόνα</em></strong></span> 
     </span>
     <span class='ocr_line' id='line_1_37' title="bbox 345 4344 1984 4436; baseline -0.007 -18"><span class='ocrx_word' id='word_1_433' title='bbox 345 4358 470 4428; x_wconf 87' lang='grc' dir='ltr'><strong><em>πάντας</em></strong></span> <span class='ocrx_word' id='word_1_434' title='bbox 509 4353 632 4436; x_wconf 73' lang='grc' dir='ltr'><strong><em>ἐξήρκει</em></strong></span> <span class='ocrx_word' id='word_1_435' title='bbox 670 4355 725 4434; x_wconf 75' lang='grc' dir='ltr'><strong><em>την</em></strong></span> <span class='ocrx_word' id='word_1_436' title='bbox 752 4355 805 4415; x_wconf 84' lang='grc' dir='ltr'><strong><em>τοῦ</em></strong></span> <span class='ocrx_word' id='word_1_437' title='bbox 836 4351 917 4411; x_wconf 76' lang='grc' dir='ltr'><strong><em>θεοῦ</em></strong></span> <span class='ocrx_word' id='word_1_438' title='bbox 946 4354 1147 4430; x_wconf 78' lang='grc' dir='ltr'><strong><em>παραστῆσαι</em></strong></span> <span class='ocrx_word' id='word_1_439' title='bbox 1177 4353 1248 4427; x_wconf 79' lang='grc' dir='ltr'><strong><em>περὶ</em></strong></span> <span class='ocrx_word' id='word_1_440' title='bbox 1276 4349 1331 4409; x_wconf 84' lang='grc' dir='ltr'><strong><em>τόν</em></strong></span> <span class='ocrx_word' id='word_1_441' title='bbox 1359 4346 1473 4411; x_wconf 75' lang='grc' dir='ltr'><strong><em>ἑαυτοῦ</em></strong></span> <span class='ocrx_word' id='word_1_442' title='bbox 1502 4344 1694 4428; x_wconf 80' lang='grc' dir='ltr'><strong><em>α’θλοφόρον</em></strong></span> <span class='ocrx_word' id='word_1_443' title='bbox 1724 4348 1926 4430; x_wconf 85' lang='grc' dir='ltr'><strong><em>κηδεμονίαν.</em></strong></span> <span class='ocrx_word' id='word_1_444' title='bbox 1982 4404 1984 4406; x_wconf 77' lang='grc'><strong><em>,</em></strong></span> 
     </span>
    </p>
   </div>
   <div class='ocr_carea' id='block_1_3' title="bbox 345 4445 1924 4743">
    <p class='ocr_par' dir='ltr' id='par_1_3' title="bbox 345 4445 1924 4743">
     <span class='ocr_line' id='line_1_38' title="bbox 345 4445 1923 4537; baseline -0.008 -12"><span class='ocrx_word' id='word_1_445' title='bbox 345 4460 436 4525; x_wconf 67' lang='grc' dir='ltr'><strong><em>ωνύν</em></strong></span> <span class='ocrx_word' id='word_1_446' title='bbox 457 4459 493 4522; x_wconf 77' lang='grc' dir='ltr'><strong><em>δὲ</em></strong></span> <span class='ocrx_word' id='word_1_447' title='bbox 513 4463 671 4529; x_wconf 80' lang='grc' dir='ltr'><strong><em>τοσούτοις</em></strong></span> <span class='ocrx_word' id='word_1_448' title='bbox 698 4457 894 4537; x_wconf 90' lang='grc' dir='ltr'><strong><em>θαυμασίοις</em></strong></span> <span class='ocrx_word' id='word_1_449' title='bbox 922 4448 1035 4525; x_wconf 87' lang='grc' dir='ltr'><strong><em>αὐτόν,</em></strong></span> <span class='ocrx_word' id='word_1_450' title='bbox 1064 4451 1219 4523; x_wconf 86' lang='grc' dir='ltr'><strong><em>τοσούτοις</em></strong></span> <span class='ocrx_word' id='word_1_451' title='bbox 1248 4454 1439 4530; x_wconf 85' lang='grc' dir='ltr'><strong><em>χαρίσμασιν</em></strong></span> <span class='ocrx_word' id='word_1_452' title='bbox 1461 4445 1479 4511; x_wconf 83' lang='grc' dir='ltr'><strong><em>ό</em></strong></span> <span class='ocrx_word' id='word_1_453' title='bbox 1501 4449 1538 4510; x_wconf 92' lang='grc' dir='ltr'><strong><em>ἐν</em></strong></span> <span class='ocrx_word' id='word_1_454' title='bbox 1559 4447 1641 4510; x_wconf 88' lang='grc' dir='ltr'><strong><em>ἐλέει</em></strong></span> <span class='ocrx_word' id='word_1_455' title='bbox 1663 4450 1812 4524; x_wconf 85' lang='grc' dir='ltr'><strong><em>πλούσιος</em></strong></span> <span class='ocrx_word' id='word_1_456' title='bbox 1834 4475 1923 4514; x_wconf 79' lang='grc' dir='ltr'><strong><em>κατε-</em></strong></span> 
     </span>
     <span class='ocr_line' id='line_1_39' title="bbox 345 4551 1918 4641; baseline -0.007 -15"><span class='ocrx_word' id='word_1_457' title='bbox 345 4563 521 4639; x_wconf 88' lang='grc' dir='ltr'><strong><em>πλούτισεν,</em></strong></span> <span class='ocrx_word' id='word_1_458' title='bbox 548 4559 592 4634; x_wconf 87' lang='grc' dir='ltr'><strong><em>ῶς</em></strong></span> <span class='ocrx_word' id='word_1_459' title='bbox 613 4564 724 4622; x_wconf 80' lang='grc' dir='ltr'><strong><em>πᾶσαν</em></strong></span> <span class='ocrx_word' id='word_1_460' title='bbox 745 4564 804 4641; x_wconf 81' lang='grc' dir='ltr'><strong><em>γῆν</em></strong></span> <span class='ocrx_word' id='word_1_461' title='bbox 824 4581 856 4619; x_wconf 89' lang='grc' dir='ltr'><strong><em>τε</em></strong></span> <span class='ocrx_word' id='word_1_462' title='bbox 878 4561 931 4616; x_wconf 75' lang='grc' dir='ltr'><strong><em>καί</em></strong></span> <span class='ocrx_word' id='word_1_463' title='bbox 954 4554 1130 4615; x_wconf 91' lang='grc' dir='ltr'><strong><em>θάλασσαν</em></strong></span> <span class='ocrx_word' id='word_1_464' title='bbox 1150 4553 1265 4635; x_wconf 76' lang='grc' dir='ltr'><strong><em>μεστὴν</em></strong></span> <span class='ocrx_word' id='word_1_465' title='bbox 1287 4551 1393 4618; x_wconf 84' lang='grc' dir='ltr'><strong><em>αὐτῶν</em></strong></span> <span class='ocrx_word' id='word_1_466' title='bbox 1414 4552 1511 4628; x_wconf 84' lang='grc' dir='ltr'><strong><em>είναι,</em></strong></span> <span class='ocrx_word' id='word_1_467' title='bbox 1543 4557 1597 4615; x_wconf 72' lang='grc' dir='ltr'><strong><em>καὶ</em></strong></span> <span class='ocrx_word' id='word_1_468' title='bbox 1619 4557 1741 4616; x_wconf 81' lang='grc' dir='ltr'><strong><em>θάττον</em></strong></span> <span class='ocrx_word' id='word_1_469' title='bbox 1762 4555 1805 4616; x_wconf 81' lang='grc' dir='ltr'><strong><em>δν</em></strong></span> <span class='ocrx_word' id='word_1_470' title='bbox 1827 4553 1918 4636; x_wconf 76' lang='grc' dir='ltr'><strong><em>ἥλιον</em></strong></span> 
     </span>
     <span class='ocr_line' id='line_1_40' title="bbox 345 4655 1924 4743; baseline -0.007 -15"><span class='ocrx_word' id='word_1_471' title='bbox 345 4670 465 4728; x_wconf 81' lang='grc' dir='ltr'><strong><em>θᾶττον</em></strong></span> <span class='ocrx_word' id='word_1_472' title='bbox 492 4666 535 4726; x_wconf 76' lang='grc' dir='ltr'><strong><em>δν</em></strong></span> <span class='ocrx_word' id='word_1_473' title='bbox 564 4662 704 4743; x_wconf 84' lang='grc' dir='ltr'><strong><em>οὐρανόν</em></strong></span> <span class='ocrx_word' id='word_1_474' title='bbox 733 4658 950 4737; x_wconf 79' lang='grc' dir='ltr'><strong><em>α’γνοούμενον</em></strong></span> <span class='ocrx_word' id='word_1_475' title='bbox 977 4658 1059 4729; x_wconf 85' lang='grc' dir='ltr'><strong><em>ὅλως</em></strong></span> <span class='ocrx_word' id='word_1_476' title='bbox 1088 4658 1166 4735; x_wconf 78' lang='grc' dir='ltr'><strong><em>παρ’</em></strong></span> <span class='ocrx_word' id='word_1_477' title='bbox 1193 4655 1384 4736; x_wconf 87' lang='grc' dir='ltr'><strong><em>α’νθρῶποις</em></strong></span> <span class='ocrx_word' id='word_1_478' title='bbox 1413 4655 1615 4736; x_wconf 80' lang='grc' dir='ltr'><strong><em>εὑρίσκεσθαι</em></strong></span> <span class='ocrx_word' id='word_1_479' title='bbox 1648 4659 1668 4730; x_wconf 77' lang='grc' dir='ltr'><strong><em>ὐ</em></strong></span> <span class='ocrx_word' id='word_1_480' title='bbox 1696 4659 1751 4719; x_wconf 91' lang='grc' dir='ltr'><strong><em>τδν</em></strong></span> <span class='ocrx_word' id='word_1_481' title='bbox 1778 4658 1924 4736; x_wconf 89' lang='grc' dir='ltr'><strong><em>μάρτυρα</em></strong></span> 
     </span>
    </p>
   </div>
   <div class='ocr_carea' id='block_1_4' title="bbox 341 4803 1925 4954">
    <p class='ocr_par' dir='ltr' id='par_1_4' title="bbox 341 4803 1925 4954">
     <span class='ocr_line' id='line_1_41' title="bbox 415 4803 1925 4882; baseline -0.006 -15"><span class='ocrx_word' id='word_1_482' title='bbox 415 4833 443 4882; x_wconf 85' lang='lat'><strong><em>31</em></strong></span> <span class='ocrx_word' id='word_1_483' title='bbox 463 4813 557 4868; x_wconf 78' lang='lat' dir='ltr'><strong>Psalm</strong></span> <span class='ocrx_word' id='word_1_484' title='bbox 576 4831 591 4864; x_wconf 94' lang='grc' dir='ltr'><strong><em>ο</em></strong></span> <span class='ocrx_word' id='word_1_485' title='bbox 611 4832 622 4864; x_wconf 87' lang='lat'>1</span> <span class='ocrx_word' id='word_1_486' title='bbox 640 4814 645 4876; x_wconf 81' lang='grc' dir='ltr'>Ι</span> <span class='ocrx_word' id='word_1_487' title='bbox 661 4832 690 4879; x_wconf 85' lang='lat'><strong><em>32</em></strong></span> <span class='ocrx_word' id='word_1_488' title='bbox 709 4811 751 4866; x_wconf 67' lang='grc' dir='ltr'><strong><em>(ίΙῖι</em></strong></span> <span class='ocrx_word' id='word_1_489' title='bbox 769 4810 784 4876; x_wconf 75' lang='grc' dir='ltr'><strong><em>ἦ</em></strong></span> <span class='ocrx_word' id='word_1_490' title='bbox 802 4811 918 4878; x_wconf 73' lang='grc' dir='ltr'><strong><em>κάμινος</em></strong></span> <span class='ocrx_word' id='word_1_491' title='bbox 933 4807 938 4872; x_wconf 90' lang='grc' dir='ltr'>Ι</span> <span class='ocrx_word' id='word_1_492' title='bbox 955 4825 982 4872; x_wconf 81' lang='lat'><strong><em>33</em></strong></span> <span class='ocrx_word' id='word_1_493' title='bbox 1003 4805 1120 4860; x_wconf 83' lang='lat' dir='ltr'><strong>Corinth</strong></span> <span class='ocrx_word' id='word_1_494' title='bbox 1139 4825 1157 4857; x_wconf 89' lang='grc' dir='ltr'><strong><em>α</em></strong></span> <span class='ocrx_word' id='word_1_495' title='bbox 1171 4824 1221 4872; x_wconf 84' lang='grc' dir='ltr'><strong><em>τ,9</em></strong></span> <span class='ocrx_word' id='word_1_496' title='bbox 1237 4807 1242 4871; x_wconf 92' lang='grc'>1</span> <span class='ocrx_word' id='word_1_497' title='bbox 1259 4825 1289 4872; x_wconf 78' lang='lat'><strong><em>34</em></strong></span> <span class='ocrx_word' id='word_1_498' title='bbox 1307 4804 1340 4858; x_wconf 86' lang='lat' dir='ltr'><strong><em>C¹</em></strong></span> <span class='ocrx_word' id='word_1_499' title='bbox 1359 4804 1389 4859; x_wconf 90' lang='lat' dir='ltr'><strong><em>in</em></strong></span> <span class='ocrx_word' id='word_1_500' title='bbox 1408 4805 1535 4876; x_wconf 77' lang='lat' dir='ltr'><strong>margine</strong></span> <span class='ocrx_word' id='word_1_501' title='bbox 1554 4805 1641 4859; x_wconf 88' lang='lat' dir='ltr'><strong>minio</strong></span> <span class='ocrx_word' id='word_1_502' title='bbox 1659 4805 1721 4872; x_wconf 80' lang='grc' dir='ltr'><strong><em>περί</em></strong></span> <span class='ocrx_word' id='word_1_503' title='bbox 1738 4807 1778 4869; x_wconf 75' lang='grc' dir='ltr'><strong><em>τῆς</em></strong></span> <span class='ocrx_word' id='word_1_504' title='bbox 1797 4804 1836 4854; x_wconf 63' lang='grc' dir='ltr'><strong><em>δί’</em></strong></span> <span class='ocrx_word' id='word_1_505' title='bbox 1855 4803 1925 4858; x_wconf 83' lang='grc' dir='ltr'><strong><em>εὐσε-</em></strong></span> 
     </span>
     <span class='ocr_line' id='line_1_42' title="bbox 341 4878 1019 4954; baseline -0.018 -13"><span class='ocrx_word' id='word_1_506' title='bbox 341 4889 417 4954; x_wconf 79' lang='grc' dir='ltr'><strong><em>βιίιις</em></strong></span> <span class='ocrx_word' id='word_1_507' title='bbox 436 4883 605 4939; x_wconf 72' lang='grc' dir='ltr'><strong><em>δίκδιωυοδ</em></strong></span> <span class='ocrx_word' id='word_1_508' title='bbox 620 4887 625 4949; x_wconf 80' lang='grc' dir='ltr'>Ι</span> <span class='ocrx_word' id='word_1_509' title='bbox 641 4902 671 4949; x_wconf 79' lang='lat'><strong><em>34</em></strong></span> <span class='ocrx_word' id='word_1_510' title='bbox 688 4882 810 4950; x_wconf 83' lang='grc' dir='ltr'><strong><em>εὐσεβίαν</em></strong></span> <span class='ocrx_word' id='word_1_511' title='bbox 825 4878 1019 4950; x_wconf 75' lang='lat' dir='ltr'><strong>apographum</strong></span> 
     </span>
    </p>
   </div>
   <div class='ocr_carea' id='block_1_5' title="bbox 0 0 2284 6165">
    <p class='ocr_par' dir='ltr' id='par_1_5' title="bbox 0 0 2284 6165">
     <span class='ocr_line' id='line_1_43' title="bbox 0 0 2284 6165; baseline 0 0"><span class='ocrx_word' id='word_1_512' title='bbox 0 0 2284 6165; x_wconf 95' lang='lat' dir='ltr'><strong><em> </em></strong></span> 
     </span>
    </p>
   </div>
  </div>
 </body>
</html>
