4560 6172
339 560 385 624 66

343 724 506 805 λούμενος.
552 724 662 787 2τοῦτο
682 724 743 800 μὲν
762 719 818 785 οῦν
841 720 943 784 οέκίτι
965 741 1016 785 σοι
1039 724 1133 783 θεῖον
1155 719 1232 786 οὐδ’·
1251 722 1296 794 είς
1329 723 1407 786 θεοῦ
1438 722 1540 802 φέρον
1568 720 1717 802 μίμησιν,
1749 719 1810 777 κάν
1833 714 1940 777 τᾶλλα

347 831 429 892 θεὸν
461 827 465 913 Ι
500 828 761 906 παραμιμεῖσθαι
784 824 897 911 δοκῆς·
930 824 1034 896 δοκεῖς
1065 823 1119 900 δέ,
1151 830 1205 886 καί
1226 825 1332 904 βούλει
1362 823 1468 886 δοκεῖν
1501 824 1536 897 ἐξ
1567 817 1612 884 ὦν
1642 818 1794 883 ὑπονοεῖν
1881 816 1938 883 67²

348 930 454 1005 δίδως,
479 933 578 1009 νέφος
599 931 658 1009 μέν
681 932 735 988 καί
757 925 850 998 αύτὸς
873 925 1067 1010 οίποκρυφῆν
1089 931 1189 1000 τιθεὶς
1212 934 1358 1002 σεαυτοῦ,
1387 927 1500 1008 μόνοις
1522 927 1558 989 δέ
1580 928 1675 1004 τυχόν
1697 934 1761 996 τοῖς
1783 919 1872 998 ἐγγύς
1903 923 1937 1005 (ῆ

347 1039 400 1097 καὶ
423 1044 486 1105 τοῖς
508 1031 611 1106 άξίοις
635 1028 761 1113 ἁπλοῦς)
795 1026 1117 1112 α’ποκαλυπτόμενος,
1153 1029 1228 1114 ῆμῖν
1259 1029 1294 1093 δὲ
1325 1041 1389 1103 τοῖς
1417 1030 1529 1111 πόρρω
1559 1034 1613 1090 καλ
1634 1027 1692 1107 ούχ
1711 1025 1835 1098 ἱκανοῖς
1858 1028 1939 1106 πρός

347 1140 434 1200 θέαν
454 1137 602 1218 τοιαύτην
624 1132 679 1195 διὰ
703 1133 818 1213 χρόνου
840 1137 894 1193 καί
915 1134 1008 1213 μόλις
1029 1132 1177 1214 άμυδροὶς
1200 1138 1253 1195 καὶ
1274 1137 1425 1213 βραχείας
1447 1134 1639 1211 ἐπιπέμπων
1663 1127 1778 1206 αὐγάς,
1802 1129 1840 1190 τό
1864 1144 1937 1209 σμι-

347 1240 481 1321 κρότατα
509 1244 604 1302 ταῦτα
636 1239 699 1297 τῶν
727 1234 949 1298 ἐπιστολιδίων
970 1241 1122 1316 τεμάχια,
1153 1242 1206 1298 καὶ
1235 1235 1370 1301 κελεύων
1400 1235 1576 1318 ἀρκεῖσθαι
1605 1245 1669 1306 τοῖς
1692 1231 1856 1304 ὀπισθίοις
1878 1251 1935 1292 σου

347 1345 481 1414 τούτοις·
503 1343 537 1403 τό
561 1340 597 1401 δὲ
619 1336 796 1420 πρόσωπόν
817 1360 880 1418 μου
903 1340 981 1424 (φῆς
1003 1361 1066 1401 που
1089 1339 1170 1418 τάχα
1192 1340 1272 1401 κατά
1297 1342 1427 1426 σαυτόν)
1451 1339 1507 1405 ούκ
1530 1338 1711 1421 δφθῆσεταί
1734 1353 1793 1410 σοι,
1818 1337 1939 1414 χαμαί-

348 1444 418 1527 ζηλε
438 1449 492 1504 καὶ
513 1445 600 1524 γῆίνε
622 1442 787 1520 άνθρωπε,
813 1439 898 1524 ῆμᾶς
920 1442 997 1507 οέτω
1020 1443 1121 1520 λέγων
1144 1441 1243 1524 δῆλον
1265 1443 1312 1506 ότι
1334 1445 1402 1517 τοῦς
1424 1443 1608 1516 ταπεινούς,
1640 1447 1750 1513 οίτινες
1783 1440 1871 1510 ὄντες
1899 1439 1938 1518 γῆ

348 1553 402 1610 καὶ
424 1546 561 1619 σποδός,
592 1546 760 1627 θειοτέραν
790 1545 872 1627 ὄψιν
902 1546 960 1630 (ὡς
989 1547 1104 1632 ἔοικεν)
1134 1549 1272 1622 ἐνεγκεῖν
1302 1544 1338 1610 ού
1370 1538 1598 1628 θαρρούμεθα.
1645 1543 1702 1609 ι’σὺ
1720 1547 1780 1624 μὲν
1802 1539 1874 1617 οῦν,
1913 1537 1939 1601 τό

347 1652 485 1731 μακάριε
516 1653 569 1710 καὶ
604 1648 718 1730 κρύφιε
751 1652 804 1708 καί
838 1647 972 1720 άθέατε,
1007 1649 1061 1712 ἐπὶ
1090 1655 1143 1733 τῆς
1172 1648 1258 1723 ίδίας
1292 1648 1428 1732 ἑδραίας
1455 1653 1530 1730 με’νε
1564 1651 1742 1731 περιωπῆς,
1775 1643 1849 1728 μηδ’
1884 1643 1938 1705 ἐπὶ

346 1756 462 1837 μικρόν
489 1777 516 1816 τι
546 1749 732 1831 κενούμενος
754 1755 805 1832 τῆς
827 1749 925 1833 δόξης
945 1756 998 1833 τῆς
1020 1756 1151 1817 σεαυτοῦ
1180 1754 1261 1836 μηδέ
1291 1756 1552 1833 συγκαταβαίνειν
1574 1752 1649 1834 ἡμῖν
1671 1762 1736 1823 τοῖς
1756 1749 1941 1832 ἐρχομένοις

347 1862 448 1938 χαμαὶ
470 1859 550 1918 κατὰ
574 1858 687 1935 καιρὸν
709 1854 917 1934 α’νεχόμενος·
950 1854 1023 1928 δέος
1045 1859 1106 1936 γάρ
1128 1862 1204 1929 ἴσως
1225 1859 1266 1939 μῆ
1292 1858 1445 1939 πρότερον
1469 1853 1486 1939 ῆ
1511 1861 1547 1938 ση“
1572 1855 1758 1936 καθαρότης
1781 1872 1938 1933 παραπο-

348 1960 459 2025 λαύσοι
481 1983 508 2021 τι
531 1962 585 2023 τοῦ
605 1957 803 2040 μολύσματος
824 1961 844 2041 ῆ
865 1955 941 2041 ῆμίν
962 1971 1026 2033 τοῖς
1048 1958 1210 2045 άΙνάγνοις
1230 1961 1380 2043 μεταδοίη
1402 1965 1455 2042 τῆς
1477 1959 1646 2042 ἁγιότητος.
1699 1960 1793 2019 ικαί·
1881 1955 1939 2020 681

348 2085 430 2140 τοιγε
453 2067 506 2124 καί
526 2061 615 2126 τοῦτό
638 2082 688 2123 σοι
711 2061 812 2124 πάλιν
835 2062 915 2143 δρᾷς
938 2060 980 2134 ὠς
1003 2062 1161 2142 α’νόμοιον
1183 2066 1263 2142 πρδς
1290 2067 1344 2126 τόν
1366 2062 1612 2145 φιλανθρώπως
1635 2061 1938 2142 ἐνανθρωπῆσαντα

349 2171 403 2228 καλ
425 2170 460 2254 τῆ
482 2168 558 2244 μεθ’
582 2165 671 2246 ῆμιῦν
694 2169 755 2226 τῶν
778 2163 908 2226 πολλάν
931 2165 1119 2253 ἀναστροφῇ
1141 2190 1171 2228 τε
1194 2173 1248 2228 καὶ
1271 2167 1440 2246 συμβιιόσει
1458 2165 1687 2248 άναμαρτῆτως
1706 2165 1865 2243 ἔξόραντα
1889 2164 1942 2225 τοῦ

350 2272 469 2348 κόσμου
491 2271 546 2351 τῆν
569 2267 739 2348 ἁμαρτίαν,
770 2268 850 2348 πρός
872 2268 910 2328 δν
933 2265 976 2339 άις
998 2266 1179 2348 άρχέτυπον
1202 2267 1218 2330 ό
1243 2270 1362 2343 σκοπός
1383 2293 1414 2331 τε
1436 2287 1486 2332 σοι
1508 2275 1597 2332 τείνει
1620 2274 1673 2330 καὶ
1696 2265 1712 2330 δ
1738 2265 1827 2348 ζῆλος
1850 2266 1938 2328 ἐπεί·

349 2396 446 2449 γεται,
468 2373 498 2433 εί
518 2375 559 2452 μῆ
583 2375 636 2434 τοῦ
659 2371 814 2451 σχήματος
836 2370 982 2449 ἄντικρυς
1003 2374 1056 2435 τοῦ
1072 2377 1184 2437 σεπτυῦ
1204 2373 1403 2461 καταψεύδῃ,
1427 2371 1447 2435 ό
1470 2391 1520 2435 σοι
1534 2376 1589 2434 τδν
1602 2374 1738 2451 σταυρόν
1756 2369 1940 2449 ῦπυγράφει

350 2481 404 2537 καὶ
425 2478 479 2557 τῆν
501 2480 554 2538 τοῦ
576 2476 817 2554 σταυρωθέντος
837 2473 1108 2557 ἐπακολούθησιν.
1154 2474 1258 2559 ὅπλῆν
1280 2475 1358 2556 ὅπερ
1389 2478 1527 2558 εἴρηται,
1565 2478 1602 2541 σύ
1622 2481 1682 2555 μὲν
1705 2477 1835 2552 ἄμικτος
1857 2473 1937 2537 οὕτω

349 2601 404 2658 μοι
427 2583 480 2639 καί
503 2576 713 2656 άκοινιύνητυς
734 2579 825 2653 μένε,
855 2576 964 2659 ἐπειδὴ
988 2580 1077 2641 τοῦτο
1100 2578 1226 2658 βούλει,
1259 2584 1295 2667 τῆ
1318 2585 1449 2642 σεαυτοῦ
1475 2584 1596 2659 θεωρίᾳ
1621 2583 1675 2639 καὶ
1697 2581 1759 2640 τάν
1782 2575 1828 2649 οίς
1849 2581 1936 2638 τοῦτο

349 2681 488 2756 δέδοται,
511 2679 694 2759 κινούμενος
715 2680 810 2762 μόνη,
835 2677 922 2762 ῆμεῖς
944 2681 980 2742 δὲ
996 2685 1048 2762 τῆς
1064 2705 1094 2744 τε
1110 2685 1234 2764 προότης
1249 2687 1438 2745 παντάπασι
1453 2682 1659 2764 λαμπηδόνος
1672 2681 1939 2750 ἀποκλεισθέντες

350 2791 404 2849 καί
425 2791 480 2867 τῆν
501 2785 652 2865 δευτέραν
674 2785 787 2867 ταύτην
806 2781 1040 2866 άφαιρεθέντες
1055 2789 1131 2866 πρὶν
1149 2783 1261 2863 σχεδόν
1277 2784 1493 2869 αύγασθῆναι,
1515 2787 1594 2865 πρός
1610 2783 1738 2856 ἑαυτοὺς
1755 2782 1940 2859 α’ναγκαίως

350 2888 453 2952 πάλιν
476 2886 751 2971 συσταλησόμεθα,
773 2891 827 2947 καὶ
848 2888 882 2949 τδ
906 2889 1017 2949 Γνῶθι
1035 2889 1151 2950 σαυτόν
1173 2889 1434 2972 φιλοσοφήσομεν
1447 2888 1639 2968 τελεώτερον,
1662 2893 1715 2968 τῆς
1727 2884 1939 2967 ἀνθρωπίνης

350 2991 429 3074 ζωῆς
444 2990 478 3054 τό
492 2994 595 3073 βραχὺ
613 2998 667 3054 καὶ
679 2990 900 3073 όλιγοχρόνιον
912 2994 948 3079 τῆ
960 2994 1014 3055 τοῦ
1032 2989 1152 3072 άνδρδς
1165 2995 1325 3073 παρουσίᾳ
1338 2998 1390 3053 καὶ
1402 2991 1600 3075 α’ναχωρῆσει
1611 2989 1794 3076 μετρῆῆσαν-
1881 2987 1938 3053 68²

351 3117 414 3169 τες·
437 3095 456 3158 δ
477 3098 539 3156 τάν
562 3093 666 3159 πάλαι
688 3101 801 3176 σοφῶν
822 3117 867 3166 τις
886 3091 1106 3171 ἐνδειξάμενος
1129 3093 1341 3177 ἐθαυμάσθη,
1366 3092 1416 3157 ὅτε
1439 3095 1539 3168 πόσος
1553 3091 1570 3155 ό
1585 3097 1652 3172 βίος
1668 3097 1731 3156 τῶν
1749 3091 1940 3173 α’νθράπων

349 3200 530 3282 ἐρωτηθείς,
552 3196 668 3281 μικρόν
682 3223 709 3262 τι
725 3203 838 3283 φανεὶς
860 3196 1082 3276 άπεκρύψατο.
1127 3195 1238 3260 6άλλά
1257 3220 1312 3278 μοι
1335 3204 1389 3259 καί
1409 3201 1452 3282 μῆ
1476 3192 1646 3279 δράμενος,
1670 3195 1839 3273 άγγέλλοιο
1861 3197 1940 3271 γοῦν

348 3299 412 3368 ύπδ
435 3304 488 3384 τῆς
509 3305 637 3381 χάριτος
659 3303 920 3388 συντηρούμενος·
943 3297 1200 3380 εύγνωμονοῦμεν
1221 3302 1283 3382 γάρ
1306 3301 1359 3377 ἔτι,
1383 3305 1445 3365 κάν
1466 3300 1522 3365 οὐκ
1546 3298 1731 3382 εύγνιόμονα
1753 3299 1939 3380 πάσχωμεν·

349 3404 384 3472 εύ
404 3409 511 3468 τοίνυν
533 3406 615 3484 ἔχοις
638 3404 734 3479 αὐτός
755 3428 786 3467 τε
809 3410 864 3466 καὶ
885 3403 903 3488 ῆ
927 3409 998 3487 περὶ
1022 3407 1055 3466 σὲ
1077 3404 1158 3486 καλῆ
1182 3405 1333 3480 συνοδία,
1357 3405 1467 3488 ἐπειδῆ
1491 3409 1544 3466 καὶ
1566 3409 1692 3483 πρέπον
1713 3405 1788 3483 ύμῖν
1810 3404 1873 3464 ἐστὶ
1895 3405 1939 3488 up*

349 3512 435 3594 χορῷ
463 3512 526 3571 τιῦν
553 3510 728 3593 μακάρων,
761 3507 804 3581 ὥς
832 3527 895 3570 που
923 3531 967 3580 τις
996 3509 1093 3592 εἶπεν,
1125 3506 1309 3588 άκαμάτους
1337 3509 1420 3570 είναι
1451 3514 1506 3570 καὶ
1527 3508 1687 3590 δκηδέας·
1722 3508 1751 3569 ελ
1773 3507 1808 3568 δὲ
1830 3505 1940 3585 βούλει

349 3615 515 3696 προστίθει
539 3617 602 3674 Καὶ
623 3610 813 3684 α’θανάτους
833 3611 938 3695 ῆματα
961 3610 1080 3674 πάντα.

438 3718 527 3783 121.
550 3718 598 3794 κβ.
625 3714 791 3796 1Σῆμερον
812 3712 994 3793 πρόβαλλε,
1027 3718 1082 3774 καί
1103 3714 1216 3795 αῦριυν
1238 3713 1363 3798 α’κροιέ,
1396 3718 1483 3797 φησί.
1514 3717 1585 3794 περὶ
1607 3711 1710 3788 λόγων
1732 3709 1749 3774 ὃ
1772 3711 1878 3789 λόγος,
1902 3711 1939 3777 ού

351 3822 424 3903 περὶ
447 3818 576 3897 δούρων·
601 3819 639 3883 σὺ
658 3817 687 3878 δ’
705 3815 722 3879 ό
739 3817 846 3878 πάντα
862 3817 967 3893 ταχύς,
992 3820 1111 3895 θέρους
1128 3818 1270 3902 αἰτηθεὶς
1287 3820 1343 3890 τάς
1360 3818 1487 3891 άπίους,
1510 3816 1605 3897 μόλις
1621 3814 1760 3887 ἔστειλας
1771 3820 1940 3894 μεσοῦντος

350 3923 521 4001 χειμῶνος·
544 3918 613 3996 εύγε
633 3923 688 3986 τοῦ
708 3919 833 3999 ἑτοίμου
855 3923 908 4000 τῆς
929 3919 1135 3999 μεταδόσεως.
1183 3922 1281 3985 τοῦτό
1302 3923 1368 4002 ἄρα
1398 3923 1500 3984 ἐκεῖνο
1518 3920 1590 4000 'Ap’
1613 3921 1689 3990 ἔπος
1712 3919 1768 4000 ἅμ’
1784 3920 1877 3997 ἔργον
1898 3943 1940 3982 τε.

352 4022 453 4085 λα’λλδ
477 4026 505 4086 τί
526 4046 581 4103 μοι
603 4027 658 4086 τδν
680 4025 847 4104 ἄμεμπτον
869 4021 998 4105 όπώρας
1020 4027 1209 4105 μέμφεσθαι
1231 4027 1335 4105 χάριν,
1359 4031 1412 4087 καὶ
1435 4022 1554 4098 παιδδς
1576 4023 1711 4101 πάσχειν
1733 4027 1860 4096 πάθος,
1882 4019 1939 4086 οῦκ

350 4125 471 4209 άνδρδς
488 4138 592 4190 ποιεῖν
608 4128 700 4207 ἔργον
708 4156 719 4205 ,·
742 4137 806 4199 τοῖς
820 4132 911 4189 παισί
930 4127 992 4206 γάρ
1008 4127 1134 4207 μᾶλλον
1145 4127 1161 4210 ῆ
1174 4130 1276 4208 ὄρεξις
1289 4129 1369 4212 ῆπερ
1380 4139 1444 4202 τοῖς
1457 4119 1617 4208 α’νδράσιν
1628 4125 1703 4208 ῆμῖν
1716 4126 1796 4212 πεῆρί
1884 4127 1942 4192 69¹

350 4232 388 4293 τά
412 4236 543 4295 τοιαῦτα
566 4229 749 4309 λιχνεύεται.
794 4231 851 4295 8σὺ
870 4231 899 4292 δ’
922 4230 1040 4312 άνδρδς
1061 4232 1158 4305 ὅντως
1181 4233 1274 4311 ἔργον
1296 4235 1376 4313 πρός
1391 4232 1495 4313 άνδρα
1511 4228 1768 4313 φίλονείργοίσω,
1793 4229 1828 4292 ἐν
1843 4233 1944 4317 καιρῷ

349 4355 404 4414 μοι
428 4336 623 4415 χρησάμενος
643 4334 738 4417 τούτῳ
762 4332 800 4416 δῆ
823 4336 866 4416 τῷ
890 4337 980 4414 παρά
1004 4337 1138 4414 καιρόν,
1171 4340 1223 4396 καλ
1255 4336 1335 4400 ούτω
1362 4336 1627 4421 μηχανησάμενος
1655 4336 1688 4395 τό
1713 4333 1846 4415 άκρατὲς
1866 4335 1941 4418 ῆμῖν

350 4437 526 4517 χαλινῶσαι
548 4440 601 4519 τῆς
623 4440 703 4516 πρδς
725 4440 821 4501 ταῦτα
845 4436 998 4514 λιχνείας·
1028 4441 1072 4520 τοῦ
1103 4442 1219 4520 ψυχρῷ
1247 4440 1309 4518 γάρ
1341 4437 1467 4516 άρκέσει
1495 4439 1529 4501 τό
1560 4444 1613 4522 τῆς
1642 4437 1728 4517 (δρας
1757 4441 1940 4521 κατάστημα

350 4546 432 4620 πρδς
454 4543 685 4623 ψυχροφαγίας
706 4539 911 4620 άποτροπῆν,
944 4536 1000 4620 ὑφ’
1030 4533 1066 4622 ῆς
1095 4540 1132 4601 τά
1158 4541 1254 4603 πλείω
1279 4546 1465 4621 συμβαίνειν
1487 4549 1549 4605 τῶν
1572 4541 1759 4625 νοσημάτων
1780 4543 1855 4604 οίδα
1878 4553 1942 4615 τοῖς

351 4642 483 4727 στόμασι,
504 4647 547 4725 τῷ
571 4645 650 4704 καθ’
672 4641 755 4726 ῆμᾶς
778 4642 813 4704 δὲ
837 4642 1054 4723 καὶμᾶλλον,
1078 4643 1096 4704 δ
1121 4643 1214 4706 λυπεῖ
1235 4645 1366 4709 πάντων
1383 4647 1521 4727 μάλιστα
1542 4646 1734 4725 πολιορκοῦν
1751 4649 1784 4710 τό
1807 4647 1946 4728 ψυχρόν.

385 4787 618 4912 Μξηὶίαίίίιεεφε
638 4804 676 4851 17,
694 4802 706 4852 5
728 4785 821 4839 Psalm
833 4804 890 4854 ργς
911 4785 960 4840 Iob
974 4804 1012 4854 24,
1023 4805 1050 4853 15
1069 4787 1074 4853 Ι
1090 4806 1105 4839 2
1124 4789 1200 4842 Exod
1214 4809 1252 4858 33,
1267 4808 1295 4858 23
1319 4789 1444 4860 Lagarde
1465 4790 1620 4862 Symmiota
1632 4790 1658 4845 II
1672 4809 1703 4857 74
1718 4791 1723 4856 1
1740 4810 1755 4843 2
1775 4790 1834 4845 Gen
1848 4795 1925 4856 18‚27
1939 4792 1943 4863 y

349 4878 366 4922 4
480 4875 547 4911 aeus
568 4877 578 4909 1
597 4897 604 4921 ,
624 4876 655 4921 ²4
