4560 6172
343 563 406 628 172
1847 557 1932 624 183

340 752 456 812 γμακα,
481 733 551 809 περὶ
574 727 620 792 ῶν
635 729 857 804 θεοπνετ’στως
871 729 1031 810 α’λλαχοῦ*
1045 732 1281 810 προηγόρευσας
1297 730 1513 811 Ἐνστήσονται
1528 728 1644 811 δήποτε
1658 731 1765 807 καιροί
1785 724 1934 805 χαλεποί,

343 833 413 906 τοῦς
435 837 491 897 νῦν
513 833 636 908 τούτους
658 835 804 912 ἄντικρυς
828 833 937 909 λέγων,
968 834 1047 893 καθ’
1070 832 1124 905 οῦς
1146 832 1151 918 Ι
1174 833 1298 895 ἔσονται
1321 833 1426 918 (φησί)
1455 830 1569 893 τοιοίδε
1592 835 1645 892 καί
1668 827 1785 891 τοιοίδε
1851 826 1933 891 241²

342 934 375 999 οῦ
396 937 580 1016 ἅνθρωποι,
615 942 683 998 πᾶν
705 936 789 1010 είδος
811 941 924 1009 κακίας
944 937 1059 1018 ἐφεξῆς
1080 936 1263 1009 καταλέγων
1284 941 1414 996 καὶτὸν
1436 935 1515 995 καθ’
1538 933 1622 1015 ήμᾶς
1643 938 1750 997 τοῦτον
1771 933 1844 1012 βίον
1867 953 1935 992 πα-

343 1042 457 1120 ριστῶν
478 1039 631 1116 ἐναργῶς.
655 1042 717 1104 ποῦ
738 1040 775 1102 δὲ
797 1040 901 1102 πάλιν
921 1045 970 1102 σοὶ
989 1041 1028 1102 τὰ
1051 1045 1103 1121 τής
1124 1043 1223 1121 καλής
1246 1043 1473 1118 παραινέσεως,
1497 1041 1599 1098 θεατά
1624 1041 1686 1098 τῶν
1709 1034 1857 1116 α’ρρήτων
1879 1039 1935 1096 καὶ

341 1147 499 1223 μυστικῶν
515 1140 690 1223 Ἰεζεκιήλ*,·
713 1141 900 1224 δαιόμενος
922 1142 1029 1227 (φησί)
1051 1147 1092 1221 μή
1107 1146 1251 1221 χαιρέτω,
1273 1149 1327 1202 καί
1344 1139 1362 1203 δ
1380 1139 1497 1202 πωλῶν
1510 1140 1553 1219 μή
1574 1141 1746 1219 θρηνείτω·
1770 1135 1847 1218 ῦργηΙ
1870 1136 1933 1219 γάρ

344 1243 521 1316 συντελείας
550 1244 712 1323 ἐκκέχυται
741 1245 787 1316 είς
817 1244 909 1306 ἅπαν
937 1249 970 1306 τδ
1001 1243 1146 1325 πλήθος,
1181 1249 1234 1303 καί
1256 1242 1273 1305 δ
1298 1243 1416 1304 πωλῶν
1437 1246 1496 1320 μὲν
1521 1238 1577 1304 οὖν
1599 1243 1719 1319 χαίρει,
1750 1237 1934 1320 θησαυρίζει

343 1348 405 1425 γάρ
427 1353 482 1426 τήν
503 1345 595 1426 τιμήν
616 1348 637 1428 ή
657 1351 711 1408 καί
733 1345 916 1408 α’ντωνεϊται
941 1346 1160 1426 λαμπρότερα,
1185 1354 1238 1406 καί
1260 1343 1278 1407 δ
1302 1346 1457 1422 κτώμενος
1479 1342 1577 1414 αὖθις
1598 1339 1786 1422 ῦπερτρυφᾷ
1811 1340 1933 1402 πλατυ-

346 1448 489 1529 νόμενος.
518 1455 544 1509 τί
568 1448 598 1510 δ’
621 1446 656 1509 αἱ
678 1452 742 1523 σαί,
766 1449 886 1525 Δαβὶδ*
910 1454 997 1523 θετε,
1021 1448 1139 1511 πολλαί
1160 1472 1191 1510 τε
1214 1456 1267 1508 καί
1289 1452 1389 1527 σοφαί
1412 1449 1599 1522 νουθεσίαις
1634 1445 1720 1528 πλην
1741 1446 1845 1526 μάτην
1867 1446 1935 1515 πῶς

344 1552 524 1629 ἄνθρωπος
546 1549 617 1624 ζῶν,
640 1551 748 1633 ἐπειδή
771 1557 824 1612 καί
845 1553 947 1634 μάτην
968 1553 1171 1631 ταράσσεται·
1196 1550 1380 1632 θησαυρίζει
1402 1556 1463 1628 γὰρ
1486 1553 1559 1620 ἴσως
1581 1546 1689 1625 οίσπερ
1713 1545 1751 1608 οῦ
1773 1542 1934 1624 βούλεται,

344 1655 391 1716 δτι
425 1653 481 1718 σῦκ
515 1654 550 1713 δν
582 1657 625 1735 τῷ
654 1653 876 1734 α’ποθνήσκειν
904 1652 1000 1718 αῦτδν
1028 1653 1163 1734 λήψεται
1192 1655 1229 1715 τὰ
1255 1654 1380 1726 πάντα,
1413 1650 1488 1716 οῦδὲ
1519 1649 1784 1732 συγκαταβήσεται
1807 1646 1891 1726 αὐτῷ
1915 1644 1933 1729 ἢ

346 1756 428 1829 δόξα
445 1755 569 1831 αύτοῦ*,
590 1754 669 1836 ὑπὲρ
684 1754 730 1818 ιῦν
753 1755 769 1818 δ
794 1761 858 1830 πᾶς
880 1756 999 1836 δρόμος
1020 1761 1074 1816 καὶ
1095 1759 1128 1818 τδ
1150 1760 1192 1837 μή
1219 1759 1321 1838 θνητοὶ
1343 1760 1414 1829 τοῦς
1438 1760 1570 1834 θνητοὺς
1586 1755 1639 1816 ἐπὶ
1656 1758 1783 1834 θνητοῖς
1800 1761 1935 1831 ηρανείκ

345 1860 521 1939 πράγμασι.
548 1857 693 1920 κδκετνσ*
716 1858 752 1920 δὲ
775 1858 877 1920 πάλιν
899 1859 1006 1941 ήλίκον
1025 1860 1070 1931 είς
1093 1859 1288 1921 λυσιτέλειαν
1295 1887 1306 1935 ς
1330 1859 1463 1930 πλοῦτος
1485 1858 1544 1920 ίαν
1567 1856 1633 1944 ῥέη,
1655 1856 1697 1937 μή
1715 1855 1933 1935 προστίθεσθε

346 1962 475 2042 καρδίᾳ.
496 1963 541 2035 είς
564 1961 662 2043 αῦτήν
682 1966 742 2041 μὲν
763 1958 821 2027 οὖν
836 1967 890 2042 τήν
905 1963 1043 2041 καρδίαν
1055 1960 1283 2040 ὑποδεκόμεθα
1300 1961 1424 2043 ῥέοντα,
1447 1966 1595 2022 καὶκατὰ
1615 1961 1670 2022 τδν
1686 1959 1787 2045 θετΙσν
1853 1956 1934 2022 242²

345 2066 502 2147 χρησμόν*
527 2068 568 2146 τῷ
591 2068 747 2146 θησαυρῷ
768 2069 811 2147 τῷ
831 2069 957 2145 ματαίῳ
973 2064 1121 2147 κάκείνην
1135 2067 1434 2145 συγκατορύσσομεν.
1457 2069 1501 2136 τίς
1517 2069 1677 2143 περισσεία
1701 2067 1744 2144 τῷ
1761 2060 1932 2144 α’νθρῶπιμ

345 2167 382 2231 ἓν
408 2173 502 2229 παντί
530 2168 648 2249 μόχθῳ
677 2165 773 2232 αῦτοῦ
796 2167 821 2250 ᾤ
842 2173 964 2246 μοχθεί
989 2166 1051 2233 ῦπδ
1074 2171 1128 2231 τόν
1150 2168 1259 2250 ήλιονς
1292 2173 1518 2248 σανεισφερέτω
1548 2168 1611 2245 γάρ
1640 2190 1665 2227 τι
1694 2170 1736 2245 τῷ
1760 2163 1845 2244 λόγῳ
1879 2168 1936 2222 καί

345 2266 363 2332 δ
386 2272 487 2349 σοφδς
509 2268 756 2350 δκκλησιαστής*.
786 2275 831 2342 τίς
852 2270 888 2332 δὲ
911 2270 927 2352 ή
952 2269 1093 2351 ωἰμίλεια
1115 2271 1150 2333 ίν
1172 2276 1215 2353 τῷ
1238 2275 1347 2349 αίματί
1368 2293 1448 2349 μου,
1481 2271 1516 2331 ίν
1538 2274 1579 2351 τῷ
1603 2271 1807 2344 καταβαίνειν
1826 2287 1866 2345 με
1888 2265 1934 2338 είς

346 2369 575 2452 διαφθοράνς*
605 2371 635 2433 εί
654 2372 726 2454 μήτ’
746 2373 838 2444 αύτός
859 2397 887 2436 τι
918 2371 1073 2453 κερδαίνω
1104 2384 1168 2446 τσίς
1195 2373 1310 2453 ε’τίρων
1342 2374 1497 2444 θανάτοις
1525 2375 1600 2453 μήτε
1621 2373 1684 2453 μήν
1706 2369 1933 2451 ὠφελούμενον

348 2474 449 2536 ἄλλον
472 2477 514 2557 τῷ
537 2477 604 2556 ἐμοῦ
628 2480 754 2554 θεωρῶ.
797 2475 916 2556 ἄφρον,
950 2476 1042 2560 ταύτῃ
1065 2481 1101 2561 τη·
1124 2479 1226 2538 νυκτί*
1255 2515 1298 2523 -
1329 2482 1381 2537 καί
1404 2473 1554 2556 σιωπήσω
1577 2477 1610 2538 τό
1635 2473 1813 2554 δύσφημον,
1846 2469 1932 2551 πλήν

346 2578 392 2641 ὅτι
414 2580 502 2639 τοῦτο
525 2576 688 2658 φρικοίδης
708 2581 768 2654 μὲν
790 2577 926 2659 δπειλή,
958 2583 1037 2643 θεοῦ
1065 2579 1101 2640 δὲ
1128 2577 1240 2651 ζῶντος
1270 2583 1372 2661 φωνή.
1403 2576 1475 2640 α’λλ*
1496 2584 1550 2639 ίνα
1579 2582 1621 2657 μή
1655 2578 1745 2637 λυπῶ
1769 2574 1933 2652 διασύρων

346 2681 384 2742 εδ
399 2680 513 2759 μικροῦ
529 2684 799 2759 προσκυνούμενα,
822 2685 918 2746 ταῦτα
930 2684 991 2758 μὲν
1004 2679 1121 2761 ἑτέροις
1133 2682 1266 2764 παρήσω
1279 2681 1442 2760 χλευάζειν
1464 2687 1517 2741 καί
1529 2679 1734 2763 μυκτηρίζειν,
1757 2683 1792 2740 or
1802 2676 1934 2755 βίβλους

346 2783 425 2855 ὅλας
447 2785 633 2864 κατηγορίας
655 2787 724 2865 (καί
745 2783 837 2861 μάλα
860 2784 1004 2867 δικαίως)
1027 2787 1093 2846 κατ’
1114 2783 1220 2847 αὐτῶν
1240 2785 1405 2864 βάλλουσι,
1430 2787 1490 2844 κοῦν
1511 2785 1608 2868 ἐπαίη
1629 2782 1737 2863 μηδεὶς
1749 2780 1829 2863 μηδὲ
1852 2782 1933 2858 πρδς

346 2889 401 2949 τὸν
422 2885 550 2963 ἔλεγχον
572 2883 810 2967 σωφρονίζηται,
833 2889 885 2968 τῆς
905 2884 1054 2969 αίσχύνης
1078 2887 1377 2965 ἐπαισθανόμενος,
1411 2886 1481 2966 ἐμοὶ
1504 2886 1539 2948 δὲ
1562 2892 1615 2946 καὶ
1638 2885 1738 2946 πάλιν
1759 2887 1814 2946 τδν
1836 2880 1935 2956 λόγον

346 2991 544 3054 ίπανακτέον
565 2987 618 3049 ἐπὶ
639 2993 693 3049 τὸν
716 2988 838 3069 φόβον,
871 2994 924 3049 καὶ
948 2992 1018 3068 περὶ
1040 2993 1094 3051 τοῦ
1115 2994 1172 3053 νῦν
1194 2993 1427 3065 κατεπείγοντος
1448 2992 1502 3070 τήν
1524 2987 1722 3068 συμβουλήν*
1745 2989 1901 3069 ποιητέον.

434 3090 461 3127 ²2
475 3092 603 3151 Τούτων
631 3095 797 3168 τοιγαροῦν
818 3093 923 3154 ἕνεκεν
954 3097 1049 3156 ταῦτα
1080 3094 1187 3154 πάντα
1213 3091 1313 3174 ήλθεν
1334 3094 1387 3175 ἐφ’
1409 3092 1526 3174 ήμᾶς*·
1563 3091 1703 3175 ιήλθενκ
1726 3092 1839 3168 είπονς
1872 3086 1931 3155 οῦκ

348 3190 467 3277 ήλθεν·
500 3189 602 3274 η’γδρ
625 3194 667 3252 ἄν
699 3195 785 3273 εἴπερ
810 3192 921 3277 ήλθεν,
951 3194 1057 3268 ἄλλως
1080 3194 1085 3280 Ι
1109 3200 1168 3257 νῦν
1191 3194 1385 3274 διεκείμεθα,
1417 3195 1489 3257 ἀλλ’
1509 3195 1563 3256 ἐπὶ
1585 3198 1704 3271 θύραις
1726 3194 1787 3277 ήδη
1853 3193 1934 3257 ‘242²

347 3300 531 3376 παρέστηκε,
555 3298 608 3355 καί
624 3293 766 3376 δηλοίτδ
786 3302 848 3377 πῦρ
872 3294 888 3359 δ
912 3299 1052 3371 καπνός·
1075 3301 1117 3360 ἔτι
1139 3299 1201 3377 γάρ
1224 3298 1341 3381 Ιοίμαι)
1364 3305 1462 3363 ταῦτα
1485 3299 1618 3371 καπνός,
1640 3298 1669 3357 εί
1690 3302 1744 3357 καὶ
1767 3299 1829 3376 πῦρ
1852 3299 1935 3376 πρδς

345 3406 379 3462 τό
401 3397 521 3479 μέλλον
543 3398 587 3460 ἔτι
609 3399 902 3478 παραβαλλόμενα,
936 3409 989 3461 καὶ
1019 3405 1070 3484 τής
1100 3400 1264 3485 ῥομφαίας
1292 3410 1347 3484 τήν
1375 3409 1495 3485 κίνησιν
1518 3399 1535 3461 δ
1559 3403 1671 3479 πυρῶν
1693 3400 1937 3480 α’κροβολισμός,

348 3508 428 3564 κατὰ
451 3507 514 3563 τῶν
534 3499 676 3579 α’ψύχων
695 3508 755 3580 μὲν
776 3503 964 3584 α’φιέμενος,
998 3515 1061 3579 τοῖς
1092 3514 1201 3588 ψυχήν
1231 3505 1267 3567 δὲ
1299 3511 1351 3566 καί
1382 3505 1478 3581 λόγον
1500 3505 1653 3583 λαχοῦσιν
1677 3504 1750 3584 ήμτν
1772 3507 1827 3583 τήν
1849 3501 1933 3584 ὑπὲρ

348 3605 490 3686 κεφαλῆς
511 3604 555 3687 (εί
576 3605 733 3690 συνίεμεν)
756 3605 878 3679 δεικνύς
899 3607 1049 3691 ἀπειλήν,
1070 3612 1124 3670 ίνα
1146 3614 1270 3688 γνῶμεν
1291 3608 1375 3687 δμοῦ
1398 3611 1451 3690 τήν
1473 3632 1503 3671 τε
1522 3611 1600 3669 καθ’
1614 3607 1702 3688 ήμῶν
1717 3605 1933 3687 άγανάκτησιν

347 3709 404 3774 ούκ
426 3709 469 3771 ἔτι
492 3708 711 3792 μελλήσουσαν
733 3716 786 3770 καὶ
807 3713 862 3791 τήν
883 3711 928 3783 είς
951 3711 1043 3794 δεῦρο
1065 3716 1297 3791 μακροθυμίαν
1319 3710 1375 3775 ούι
1398 3713 1441 3774 ε’τι
1458 3716 1719 3789 παραμενοῦσαν.
1740 3712 1793 3772 ίπί
1816 3708 1935 3783 τούτοις

348 3810 479 3876 σίκσύειν
501 3811 586 3873 δοκῶ
607 3832 662 3890 μοι
684 3816 737 3874 τοῦ
760 3815 840 3876 θεοῦ
863 3814 963 3875 πάλιν
985 3813 1147 3887 λέγοντος*
1172 3818 1291 3892 Καιρδς
1323 3813 1507 3897 άνθρῶπσυ
1541 3827 1659 3885 παντος
1689 3814 1753 3894 ήκει
1787 3814 1933 3876 ἐναντίον

347 3915 445 3995 ίμοῦ,
479 3913 524 3976 ὅτι
555 3912 757 3994 ἐγενήθησάν
787 3937 842 3993 μοι
870 3916 915 3987 είς
937 3911 1131 3999 πλησμονήν,
1167 3925 1219 3977 καὶ
1242 3924 1296 3979 ίνα
1319 3921 1346 3979 τί
1367 3939 1422 3996 μοι
1443 3923 1668 3999 μακροθυμεῖν
1689 3919 1742 3978 ἐπὶ
1765 3917 1865 3979 πλέον
1886 3915 1933 3988 είς

348 4023 419 4092 τοῦς
441 4017 633 4095 α’γνιόμονας
655 4024 708 4079 καί
731 4030 833 4081 ποιεῖν
856 4021 1044 4102 προσθήκην
1066 4025 1179 4093 κακίας
1200 4031 1254 4102 τήν
1276 4021 1441 4105 α’ναβολήν
1462 4027 1514 4104 τής
1537 4023 1716 4097 κολασεωςς
1747 4020 1872 4099 μᾶλλον
1896 4018 1933 4080 δε

349 4127 391 4208 τηῦ
413 4127 473 4203 μὲν
491 4108 616 4204 Ἰσραήλ
638 4119 807 4186 α’θετυῦντι
829 4123 883 4184 διδ
907 4128 962 4187 τοῦ
985 4127 1169 4206 προφήτου*
1189 4123 1392 4206 μεμφόμενος
1418 4131 1459 4189 Τί
1484 4128 1527 4190 δτι
1556 4127 1699 4208 πληγήτε,
1723 4128 1809 4206 φησί,
1832 4143 1933 4202 προσ-

346 4231 486 4298 τιθέντες
514 4224 664 4304 σίνομίαν,
695 4223 746 4286 σία
778 4224 901 4308 δηλαδή
933 4232 1084 4307 τιμωρίας
1116 4227 1220 4301 εἴδους
1250 4250 1368 4302 παντος
1397 4230 1598 4303 τελεσθέντος
1626 4232 1686 4306 μὲν
1713 4227 1765 4290 ἐπ’
1793 4227 1935 4306 ἐκείνοις,

349 4328 610 4412 οἲπρακιησαντος
631 4328 686 4389 δέ·
720 4334 801 4407 πρὸς
831 4330 914 4411 ἡμᾶς
944 4330 974 4394 δ’
996 4333 1037 4392 σίν
1065 4329 1177 4411 ἑτέρως
1199 4354 1267 4404 πως
1289 4331 1424 4411 δρμόσοι-
1448 4333 1618 4409 λεγόμενον
1646 4337 1684 4393 Τί
1706 4334 1749 4394 ἔτι
1773 4335 1935 4411 προσθήτε

350 4437 609 4514 παρανομοῦντες
630 4432 684 4494 ἐπὶ
704 4443 773 4506 ταίς
797 4433 802 4518 Ι
826 4432 975 4512 α’νομίαις
996 4435 1095 4513 ῦμῶν,
1118 4434 1216 4507 οὕτως
1237 4435 1284 4508 είς
1304 4438 1405 4516 ἄκρον
1425 4434 1500 4513 ύμῖν
1520 4438 1573 4516 τής
1597 4437 1708 4507 κακίας
1732 4434 1791 4516 ήδη
1856 4433 1936 4500 243¹

349 4540 592 4620 κορυωωθείσης
612 4540 666 4597 καί
686 4534 845 4618 μηδεμίαν
865 4537 910 4610 είς
930 4543 1068 4617 μέγεθος
1088 4537 1250 4620 χωρούσης
1272 4538 1314 4602 ἔτι
1337 4538 1544 4620 προσθήκηνς
1566 4541 1598 4598 τὸ
1621 4540 1680 4617 μὲν
1708 4546 1770 4621 γάρ
1795 4536 1939 4618 θρυλού-

419 4735 447 4768 ττ
468 4714 615 4780 Τίιυβς.τ
633 4717 642 4775 Ι“
654 4734 681 4768 τι
703 4715 791 4769 Ezeoh
802 4734 863 4781 7,12
879 4718 884 4781 Ι
900 4734 928 4769 τι
949 4715 1040 4769 Psalm
1059 4716 1088 4778 λη
1100 4719 1138 4780 78
1154 4719 1159 4780 Ι
1175 4735 1203 4768 τι
1225 4717 1259 4770 Ρε
1279 4736 1315 4780 νη
1334 4719 1363 4768 18
1380 4722 1384 4778 Ι
1400 4733 1431 4768 ττ
1453 4715 1545 4769 Psalm
1564 4716 1598 4775 ξα
1618 4734 1645 4767 11
1662 4720 1667 4776 Ι
1683 4734 1710 4767 τι
1733 4715 1826 4769 Μαίίίι
1845 4720 1870 4778 6,
1889 4685 1944 4788 ττιΙ

348 4804 377 4838 τι
397 4786 462 4840 Εσυί
483 4804 505 4838 1.
524 4804 538 4851 ς
554 4794 560 4846 Ι
576 4803 604 4837 τι
626 4786 718 4839 ΡειτΙατ
735 4790 772 4837 κθ
791 4805 821 4839 ιο
835 4789 841 4856 Ι
857 4805 885 4840 τι
905 4787 963 4842 Ιιιτο
981 4805 1019 4851 τε,
1039 4805 1071 4839 το
1086 4789 1091 4850 Ι
1106 4805 1135 4840 τι
1155 4787 1307 4856 συμβουλήν
1326 4786 1369 4851 0¹,
1388 4783 1525 4855 συμβολήν
1544 4787 1577 4840 0¹
1593 4792 1598 4852 Ι
1621 4805 1652 4839 ττ
1671 4785 1764 4840 Ρεολατ
1781 4805 1823 4857 μχ
1843 4790 1871 4839 18
1887 4790 1893 4854 Ι
1909 4807 1939 4841 ττ

348 4855 440 4912 (iones
459 4861 482 4919 ⁶,
502 4874 530 4922 ις
547 4869 552 4921 Ι
568 4875 598 4909 τι
618 4856 703 4912 haias
723 4876 745 4921 τ,
764 4875 776 4925 ς
