4560 6172
1769 566 1809 630 81

219 731 365 813 δγιότητα
388 730 503 812 νομίζω
527 735 581 793 καὶ
604 729 728 810 δνομάζ
753 780 760 796 .
807 731 995 812 6τοιγαροῦν
1018 730 1070 794 οία
1093 737 1231 812 πρῶτος,
1255 736 1310 793 καὶ
1333 735 1456 815 πρῶτος
1478 729 1605 803 α’πόδος
1626 734 1688 794 τόν
1710 729 1811 810 εὐχῶν

215 857 271 914 μοι
292 837 326 896 τό
349 834 501 918 ὄφλημα,
524 836 577 895 καί
600 833 706 913 οἵσπερ
728 835 764 897 ἐν
786 840 867 899 πάσι
888 846 953 908 τοῖς
975 836 1086 910 άλλοις
1109 836 1241 899 πάντων
1262 833 1345 916 ὁμοῦ
1368 835 1546 916 πρωτεύεις,
1569 834 1643 919 μηδ’
1664 836 1808 899 ἐνταῦθα

215 939 331 1003 τούτων
352 944 412 1001 τινὶ
434 943 497 1000 τῶν
520 940 654 999 σεαυτοῦ
675 941 850 1018 πρεσβείων
872 940 996 1028 ἐκστής,
1027 940 1108 1022 μηδὲ
1132 937 1196 1023 δῷς
1213 939 1311 1025 ’(όπερ
1334 940 1486 1024 η’κουσας)
1509 938 1604 1022 ἑτέρῳ
1626 938 1683 1021 τήν
1705 937 1808 1014 δόξαν

216 1043 308 1115 σου*,
342 1041 426 1104 α’λλοὶ
451 1042 609 1119 κάταρξαι
630 1040 672 1122 δή
694 1062 749 1120 μοι
780 1046 832 1123 τῆς
854 1040 934 1124 ὑπὲρ
959 1043 1037 1122 ἐμοῦ
1060 1049 1119 1108 νῦν
1141 1045 1326 1123 πρεσβείας,
1360 1041 1489 1123 μᾶλλον
1513 1041 1550 1104 δέ
1571 1048 1808 1122 κατάρχουκαὶ

214 1149 256 1226 μή
280 1143 369 1233 α’νής,
393 1148 452 1218 ἕως
475 1140 591 1219 πείσεις
613 1149 667 1206 καὶ
689 1137 877 1225 κάμψειςθθ,
903 1156 956 1209 καῖ
970 1146 1097 1231 μεταδῷ
1113 1143 1336 1225 τινόςχόριτος
1351 1147 1427 1229 ήμίν
1449 1153 1503 1209 καὶ
1519 1146 1685 1225 δυνάμεως
1699 1145 1716 1208 ό
1729 1149 1808 1220 θεός

216 1248 271 1310 διό
287 1251 332 1323 σέ,
355 1254 409 1309 ἵνα
432 1254 487 1312 τόν
510 1249 602 1326 ζυγόν
625 1249 662 1310 όν
684 1247 885 1332 ύπήλθομεν,
908 1249 1124 1331 α’προσκόπως
1145 1248 1336 1329 ἑλκύσωμεν,
1358 1255 1413 1311 καὶ
1435 1260 1503 1324 ταῖς
1526 1260 1597 1323 σαίς
1620 1260 1809 1329 προσευχαῒς

215 1352 250 1426 ἐξ
280 1351 425 1428 ἀναξίων
456 1356 541 1429 ἄξιοι
570 1356 794 1429 καταστάντες,
828 1357 878 1416 σοί
906 1376 937 1416 τε
966 1352 1109 1432 μείζονος
1136 1353 1272 1415 ἐπαίνου
1304 1359 1360 1415 καὶ
1389 1354 1483 1437 δόξης
1514 1355 1605 1433 παρὰ
1634 1356 1720 1438 θεῷ,
1754 1357 1809 1415 καὶ

215 1454 338 1527 ἑαυτοῖς
369 1461 523 1540 σωτηρίας
553 1457 822 1540 α’ναδειχθείημεν
851 1456 1010 1538 πρόξενοι.
1062 1457 1134 1519 λέπὶ
1163 1455 1284 1530 τούτοις
1312 1455 1348 1517 δὲ
1371 1460 1488 1532 πᾶσιν,
1519 1455 1644 1535 ἴδοιμέν
1666 1474 1699 1518 σε
1722 1461 1807 1531 ποτέ,

216 1564 270 1621 ναὶ
293 1562 423 1632 πάντως
444 1562 568 1641 ἴδοιμεν
591 1563 709 1637 πάλιν,
743 1564 819 1640 πρὶν
848 1560 985 1622 ἐνθένδε
1014 1565 1263 1642 μεταναστῆναι,
1296 1557 1340 1631 άς
1362 1562 1404 1620 ἄν
1426 1559 1536 1621 εἰκόνα
1558 1563 1649 1641 σαφή
1670 1564 1722 1644 τής
1744 1560 1811 1623 ἐκεῖ

215 1666 318 1744 χαράς
340 1669 402 1724 τῶν
425 1663 560 1727 δικαίων
581 1671 618 1753 τῇ
640 1668 824 1747 περιχαρείηι
847 1668 899 1746 τής
922 1667 1015 1736 θείας
1037 1681 1094 1728 σου
1117 1662 1291 1741 δεξαίμεθα
1314 1661 1433 1744 ὄψεως.

307 1770 401 1833 150.
425 1788 474 1832 να.
500 1767 617 1831 ιἈλλά
643 1774 700 1832 νῦν
722 1767 923 1833 τούναντίον·
947 1766 1005 1848 οῦχ
1027 1766 1044 1830 ό
1068 1767 1178 1841 Λυδός
1199 1768 1260 1848 γάρ
1283 1768 1320 1829 τό
1344 1767 1534 1850 πράγματα,
1562 1767 1617 1828 τόν
1638 1766 1750 1830 Λυδόν
1773 1769 1808 1830 δὲ

218 1872 256 1931 τό
279 1870 455 1951 πράγματα
479 1873 641 1955 πριάμενα
662 1872 800 1953 μᾶλλον,
830 1872 990 1944 κινδύνοις
1013 1869 1166 1952 άηύκτυις
1191 1872 1195 1958 ί
1220 1873 1395 1951 ἐπιρρίπτει
1417 1873 1471 1930 καὶ
1492 1870 1664 1948 βασανίζει,
1752 1872 1809 1937 93¹

219 1974 296 2053 παρ’
316 1970 407 2052 ύμοῖν
429 1978 491 2036 τοῖν
514 1975 618 2054 φίλων
641 1976 688 2061 (τό
712 1974 944 2058 σχετλιώτερον)
967 1973 1266 2054 ἐκδεδομένονόλον
1281 1978 1334 2037 καὶ
1357 1977 1573 2054 πεπραμένον.
1619 1973 1692 2036 2τοῦ
1708 1978 1809 2037 κακοῦ

220 2074 256 2137 δέ
278 2079 459 2161 προσθήκη,
483 2077 529 2140 ὄτι
552 2078 672 2143 ου’δένα
697 2081 794 2158 λόγον
817 2077 891 2143 οῦδὲ
913 2081 990 2159 μετὰ
1013 2086 1068 2161 τήν
1091 2079 1217 2142 ἔκδοσιν
1240 2082 1387 2141 ποιείσθε
1405 2079 1459 2140 τοῦ
1475 2075 1582 2158 φίλου,
1606 2073 1809 2151 ἀλλ’όντως*

219 2176 293 2258 ῦμῐν
315 2176 333 2240 ό
356 2179 564 2261 κακοδαίμων
585 2183 705 2257 ἐκεῖνος
728 2180 889 2263 πέπραταί
910 2206 941 2244 τε
963 2187 1016 2243 καὶ
1040 2186 1166 2261 οίχεται,
1190 2184 1267 2243 καθ’
1289 2181 1373 2261 α’περ
1396 2177 1434 2243 ού
1456 2179 1622 2261 προκοπήν
1643 2202 1714 2241 τινα
1737 2184 1809 2259 βίου

219 2287 504 2366 μνηστευσαμένοις
525 2285 621 2370 αύτῷ,
645 2283 719 2352 οῦδὲ
741 2287 779 2349 τά
803 2289 883 2368 πρὸς
905 2286 1074 2369 εὐημερίαν
1095 2309 1126 2348 τε
1149 2289 1202 2347 καλ
1226 2275 1328 2360 δόξαν
1350 2282 1582 2360 σπουδάσασιν,
1607 2281 1649 2355 ὡς
1664 2282 1809 2347 ἐπείθετε

221 2384 376 2468 λέγοντες,
408 2385 479 2448 ἀλλ’
509 2384 607 2451 οἱονεί
634 2411 704 2452 τινα
736 2389 858 2472 φόρτον
889 2386 1177 2469 α’πεσκευασμένοις
1206 2389 1336 2469 μακρόν
1360 2388 1425 2468 μετ’
1453 2384 1642 2466 εὐσχήμονος
1664 2392 1735 2460 οἵας
1757 2393 1810 2450 καὶ

220 2486 399 2569 εὐπρεποῦς
421 2493 474 2572 τῆς
495 2493 615 2567 αίτίας,
638 2495 680 2554 ίν’
702 2491 783 2574 ὁμοῦ
806 2515 836 2555 τε
858 2494 966 2557 τούτου
989 2492 1072 2575 ῥᾷον
1094 2490 1328 2575 ἀπαλλαγείητε
1343 2528 1384 2539 -
1407 2491 1436 2552 τί
1457 2488 1633 2562 λυποῦντος
1655 2489 1712 2553 οῦκ
1734 2490 1809 2553 οίδα

225 2630 264 2641 -
286 2595 341 2654 καὶ
364 2588 420 2671 οὔχ
442 2591 530 2668 ὅπως
551 2594 693 2671 α’δικετν,
724 2595 809 2658 α’λλδ
833 2594 1018 2659 τούναντίον
1046 2600 1100 2657 καὶ
1120 2598 1203 2676 μέγα
1225 2619 1253 2657 τι
1276 2585 1401 2670 δόξαιτε
1422 2602 1526 2655 ποιεῖν
1549 2591 1697 2670 α’γαθόν·
1720 2600 1809 2658 τοῦτο

221 2698 283 2778 γαρ
306 2697 339 2757 τό
362 2695 550 2778 σοφώτατον
571 2705 624 2781 τής
647 2697 797 2781 ὑμετέρας
820 2703 946 2782 σοφίας,
970 2705 1025 2762 καὶ
1047 2700 1098 2762 δεῖ
1117 2701 1187 2772 τοῦς
1207 2699 1252 2772 είς
1267 2699 1368 2781 ἄκρον
1391 2698 1471 2762 οὕτω
1494 2699 1616 2779 σοφούς
1638 2700 1693 2758 καὶ
1708 2696 1808 2761 κακόν

221 2823 249 2862 τι
272 2799 415 2882 δρῶντας
436 2800 610 2888 (ὦς’ἔοικε)
633 2802 790 2882 τεχνάζειν
811 2806 846 2867 τὸ
867 2804 910 2886 μή
935 2802 1131 2884 νομίζεσθαι.
1178 2801 1271 2864 ⁸031ae
1294 2803 1370 2885 ήμῐν
1392 2800 1409 2886 ή
1434 2811 1529 2883 πείρα
1552 2803 1606 2863 τοῦ
1622 2801 1810 2882 πράγματος

221 2907 335 2985 καίπερ
357 2903 495 2988 α’σόφοις
515 2903 584 2969 οὖσι
605 2909 638 2969 τδ
661 2910 738 2989 πρίν
753 2918 794 2955 -“-
817 2911 870 2968 καὶ
887 2906 941 2968 διό
956 2908 1112 2969 τοῦτοκαὶ
1128 2903 1301 2984 εὐαγώγοις
1321 2944 1360 2954 -
1383 2907 1511 2988 κατέστη
1535 2909 1593 2970 νῦν
1611 2907 1655 2978 είς
1670 2909 1809 2989 σοφίαν·

221 3013 276 3071 καὶ
297 3007 461 3081 παθόντες
482 3012 559 3085 γοῦν
581 3008 720 3090 ἔγνωμεν
741 3009 821 3072 κατὰ
843 3011 898 3072 τόν
921 3008 1073 3092 όμηρικόν
1095 3009 1220 3093 νήπιον.
1264 3005 1305 3092 *ἢ
1328 3010 1363 3072 δέ
1378 3013 1493 3086 γνιῦσις
1508 3008 1551 3082 ὥς
1566 3009 1809 3091 προδεδόμεθα,

221 3115 277 3172 καί
299 3109 345 3173 ότι
367 3111 524 3174 ἐπέλιπον
550 3150 584 3162 -
613 3113 617 3198 y
641 3117 729 3178 τοῦτο
753 3113 792 3198 δή
815 3114 849 3176 τό
873 3112 1072 3195 δημῦδες-
1093 3111 1124 3176 οἳ
1146 3112 1237 3195 φίλοι
1259 3118 1302 3197 τῷ
1324 3109 1501 3197 άποδήμῳ·
1516 3113 1664 3176 τοσούτου
1753 3114 1811 3180 93²

221 3236 256 3290 γε
288 3213 396 3275 δέουσι
426 3224 615 3296 προσμεῖναι
646 3220 756 3301 νεκρῷ.
814 3214 853 3278 ⁶6
883 3214 1052 3298 α’πόδημος
1081 3216 1110 3279 δ’
1140 3216 1227 3296 ὅμως
1248 3216 1317 3297 οὐχὶ
1340 3222 1395 3280 καὶ
1415 3220 1479 3279 τεῦν
1501 3216 1606 3301 φίλων
1628 3216 1808 3302 ἀπόδημος,

223 3315 307 3378 άλλά
331 3315 453 3379 σόνεστί
476 3339 507 3379 τε
529 3317 585 3379 διὰ
607 3321 660 3400 τής
680 3321 824 3401 μνήμης,
858 3323 913 3380 καὶ
935 3328 998 3393 τοίς
1020 3323 1072 3402 τῆς
1094 3323 1202 3403 ψυχῆς
1223 3319 1284 3383 οίσί
1304 3344 1336 3383 τε
1369 3323 1422 3383 καὶ
1444 3318 1567 3400 ὄμμασι
1587 3325 1651 3383 τόν
1673 3323 1810 3405 φιλικῶν

222 3424 276 3483 καί
298 3419 404 3496 λόγων
427 3424 482 3482 καὶ
502 3420 615 3503 ὄψεων
637 3419 739 3503 ήδέως
760 3426 960 3505 κατατρυφᾷ,
994 3423 1049 3486 διδ
1071 3421 1206 3506 γλιόττης
1227 3446 1258 3485 τε
1280 3423 1406 3497 τούτους
1427 3419 1484 3488 ούκ
1507 3422 1676 3488 άπολείπει
1699 3430 1810 3509 φέρων

222 3528 276 3587 καὶ
297 3523 386 3600 άγων
415 3530 469 3584 καὶ
496 3522 550 3586 ἐπὶ
578 3523 733 3609 καλλίστῳ
763 3530 859 3589 παντὶ
887 3526 925 3589 τό
955 3526 1023 3590 κατ’
1044 3523 1156 3601 αύτούς
1178 3526 1367 3600 ἐκθειάζων.
1412 3524 1589 3609 6μάρτυρες
1612 3527 1648 3590 δέ
1669 3529 1810 3594 πλεῖστοι

221 3627 412 3704 τοῦλόγου,
443 3629 518 3708 μεθ’
548 3623 595 3689 τόν
622 3633 676 3689 καὶ
704 3635 801 3695 ταῦτα
831 3634 869 3693 τοὶ
900 3634 957 3696 νῦν
978 3632 1032 3696 ἐπὶ
1053 3635 1108 3706 τὰς
1130 3633 1190 3707 σός
1211 3643 1319 3713 χεῖρας
1341 3631 1456 3715 ήκοντα
1480 3630 1596 3694 δσανεί
1617 3655 1687 3696 τινα
1710 3634 1809 3700 τύπον

222 3733 320 3805 ὅντως
335 3731 450 3812 Ἑρμοῦ
472 3741 536 3804 τοῖς
559 3732 671 3805 διτταῖς
693 3730 737 3807 τός
757 3734 837 3814 δρᾷς
859 3733 1025 3817 ε’ρμαϊκοτς
1047 3755 1081 3798 σε
1103 3733 1219 3818 διόροις
1238 3734 1531 3819 φιλοφρονούμενα,
1555 3737 1653 3798 ἔνθεν
1674 3741 1734 3817 μὲν
1756 3737 1808 3802 οία

222 3836 332 3913 λόγιον
352 3838 396 3920 τῷ
418 3838 470 3916 τῆς
495 3833 619 3916 δωρεᾶς
643 3835 749 3919 δήπου
771 3839 867 3922 τούτῳ
890 3838 1002 3923 λογείῳ
1024 3843 1079 3900 καὶ
1101 3841 1322 3923 γραμματείῳ,
1352 3838 1451 3900 ἔνθεν
1481 3837 1511 3900 δ’
1540 3836 1582 3902 αύ
1603 3837 1646 3912 ός
1668 3841 1810 3930 κερδῷον

220 3941 288 4026 (καὶ
310 3939 371 4018 γάρ
394 3938 546 4017 συγχόρει
569 3942 745 4022 καὶτοῦτο)
775 3947 816 4026 τῷ
848 3942 1004 4025 καλλίστῳ
1032 3947 1158 4023 βροτοῖς
1186 3944 1265 4004 κατὰ
1289 3941 1359 4014 τοῦς
1380 3943 1499 4024 σοφοὺς
1522 3939 1604 4022 ῦμᾶς
1626 3943 1808 4023 δεξιοίματι,

221 4044 298 4123 ὅπερ
322 4040 364 4113 ὥς
387 4041 567 4119 αἰθόμενον
583 4049 647 4124 πῦρ
671 4040 882 4126 (πινδαρικῶς
894 4046 1010 4132 εἰπεῖν)
1033 4042 1253 4129 άναλόμιμαν,
1276 4045 1473 4125 ἐκθερμανεί
1485 4068 1516 4107 τε
1530 4045 1612 4125 τάχα
1628 4051 1672 4133 τηί
1688 4049 1809 4137 φίλτρῳ

219 4149 273 4232 τήν
295 4147 521 4229 ἐπιγενομένην
544 4151 738 4229 ψυχρότητα,
762 4154 816 4210 καὶ
838 4153 892 4230 τὴν
915 4151 1028 4231 φιλίαν
1049 4150 1174 4234 βλέψαι
1197 4149 1339 4232 ποιήσει,
1370 4147 1490 4229 τρόπον
1514 4150 1620 4229 ἕτερον
1650 4150 1809 4217 δοκοῦσαν

218 4248 489 4332 ἐκτετυφλῶσθαι,
505 4249 677 4334 ἐπειδήπερ
689 4253 833 4315 ἐνταῦθα
849 4251 936 4336 λήθη
951 4276 996 4326 τις
1009 4255 1043 4316 τό
1060 4255 1184 4328 πόθος,
1206 4251 1263 4316 οὐκ
1275 4252 1405 4340 εύήνοια.
1452 4249 1662 4332 λάπολαβέτω
1751 4258 1809 4323 94¹

218 4373 267 4418 σοι
288 4357 395 4418 τοίνυν
417 4350 436 4436 ή
459 4356 519 4434 μέν
542 4357 628 4437 πήρα
652 4357 685 4418 τὸ
708 4355 803 4434 ἴδιον,
826 4354 844 4437 ή
864 4354 900 4418 δὲ
919 4357 1061 4440 λογιότης
1076 4359 1129 4420 τδν
1141 4355 1249 4434 λόγον,
1271 4360 1325 4418 καὶ
1342 4359 1484 4439 καθεξῆς
1496 4355 1525 4417 εί
1540 4354 1684 4432 κελεύεις,
1707 4357 1808 4438 ἔπαγέ

216 4481 271 4542 μοι
295 4463 349 4521 καί
371 4457 495 4535 σύναγε,
520 4458 826 4539 προσδανειζόμενός
847 4482 875 4521 τι
899 4458 1074 4525 κόντεῦθεν
1096 4461 1130 4523 ἐκ
1160 4464 1213 4544 τής
1242 4462 1322 4522 καθ’
1354 4458 1439 4543 ήμᾶς
1462 4457 1621 4542 ἀληθείας
1641 4467 1676 4522 τό
1702 4463 1807 4546 Καλή

217 4564 312 4645 φιλία
334 4563 389 4624 τόν
411 4561 510 4643 φίλον
532 4560 563 4645 (ή
588 4562 734 4646 κλεπτική
756 4563 819 4643 γάρ
841 4566 917 4637 τέως
938 4568 1083 4645 χαιρέτω,
1107 4563 1212 4644 ὥσπερ
1236 4559 1292 4628 σύν
1315 4567 1368 4624 καὶ
1389 4560 1407 4646 η
1432 4561 1615 4640 ἐναγιόνιος,
1639 4561 1674 4627 αἳ
1696 4566 1810 4630 λοιπαὶ

218 4672 273 4730 καλ
295 4668 484 4745 θαυμάσιαι
508 4668 561 4728 τοῦ
580 4662 754 4745 Ἐριουνίου
777 4666 943 4746 δυνάμεις·
968 4666 1063 4732 ούδέν
1085 4671 1146 4749 γὰρ
1162 4668 1298 4741 ἐκείναις
1318 4667 1398 4746 πρός
1421 4665 1506 4748 ήμός
1528 4689 1559 4730 τε
1579 4674 1633 4731 καὶ
1645 4670 1727 4753 πρός
1740 4675 1809 4747 τοὺς

216 4770 345 4854 λόγους)
376 4773 430 4830 καί
457 4792 512 4850 μοι
542 4768 648 4832 δείκνυ
677 4773 731 4830 καὶ
762 4768 864 4832 πάλιν
894 4771 947 4833 ἐπὶ
976 4776 1040 4834 τῶν
1068 4771 1169 4854 ἔργων
1190 4773 1245 4834 τόν
1266 4771 1338 4849 ἐμοὶ
1359 4766 1546 4849 τιμιώτατον
1570 4774 1810 4838 Κωνσταντίνον

290 4892 470 4958 elsam!
487 4912 501 4944 τ
521 4890 601 4949 ὄντως
619 4907 653 4944 ex
673 4889 748 4951 ὄντος
767 4895 923 4947 correotum
942 4893 963 4948 G
984 4894 1175 4961 θίαδααιιαδὶ
1191 4889 1207 4947 6
1224 4892 1330 4947 Pindar
1348 4891 1451 4962 Olymp
1470 4912 1520 4946 ατ

1455 5004 1496 5065 11
