4560 6172
515 544 579 609 130
1894 537 1976 605 1⁷0
1999 538 2087 608 1⁸⁰

598 715 698 777 ⁴³*223
721 712 769 791 δέ,
791 711 874 790 δόξα
895 717 1070 795 μαρτύρων,
1094 712 1176 789 δόξα
1198 712 1329 777 πάντων
1349 711 1461 789 ἀγίων,
1492 710 1567 774 δέν
1588 716 1688 772 πᾶσιν
1709 707 1814 782 αδετις
1836 707 2084 787 ὀνομαστότατος

511 825 566 882 καὶ
587 819 870 901 περιφανέστατος,
901 817 1008 898 δέχοιό
1034 840 1090 900 μοι
1119 817 1211 881 τόνδε
1232 819 1287 880 τδν
1308 816 1418 892 λόγον,
1451 814 1488 881 ού
1516 812 1714 901 φαυλότερον
1743 819 1817 886 ἴσως
1846 809 2085 894 καρποφόρημα

513 927 567 985 καὶ
589 921 594 1009 j
617 917 777 1005 ἀνάθημα
798 924 861 983 τόν
881 921 916 984 έκ
939 925 1075 1005 σηρικόν
1095 920 1294 1004 ὑφασμάτων
1315 923 1443 1003 καὶτῆς
1464 918 1562 1001 ἄλλης
1584 916 1714 1001 ἀψύχου
1735 915 1842 999 ταύτης
1864 915 1941 999 ὕλης
2008 915 2085 981 1702

513 1031 566 1088 καί
588 1024 805 1106 ἀναισθήτου,
837 1021 883 1098 οίς
902 1044 936 1087 σε
957 1036 1055 1105 χεῖρες
1075 1027 1211 1104 εύσεβείς
1232 1024 1425 1100 δεξιοῦνται,
1456 1024 1479 1085 δι’
1502 1027 1554 1084 καῖ
1577 1022 1648 1111 σής*
1669 1021 1855 1103 διαφθείρει
1878 1023 1932 1082 καῖ
1952 1019 2085 1101 κλέπτης

514 1128 664 1207 ἀποσυλᾷ
686 1132 741 1190 καί
762 1125 1049 1214 λησιήςηδυνάστης
1070 1125 1205 1209 ἁρπάζει
1227 1131 1281 1187 καί
1309 1125 1422 1208 χρόνος
1451 1123 1599 1207 ἀφανίζει
1630 1127 1664 1187 τδ
1693 1123 1883 1187 τελευταῖον·
1917 1119 1963 1186 άν
1990 1122 2086 1188 ούδέν

514 1236 548 1296 τό
570 1229 727 1314 ἡμέτερον,
751 1228 823 1292 ἀλλ’
846 1230 1065 1314 ἀναφαίρετον
1087 1249 1136 1293 σοι
1158 1235 1211 1292 καί
1233 1231 1408 1312 ἄφθαρτον
1430 1228 1480 1291 ἀεί
1502 1238 1759 1310 συμπαραμενετ,
1793 1233 1846 1289 καί
1867 1230 1929 1290 τεόν
1951 1234 2016 1289 σῶν
2037 1249 2086 1290 τε·

515 1339 649 1417 ραστίων
671 1335 761 1418 (ὅσον
783 1333 818 1397 ἔκ
840 1335 969 1421 μέρους)
990 1334 1221 1416 μεγαλόφωνος
1242 1333 1327 1396 ἔσται
1340 1337 1438 1414 κῆρυξ
1453 1332 1469 1394 ὁ
1487 1330 1591 1410 λόγος,
1615 1337 1888 1417 συμπορεκτείνων
1909 1330 2022 1395 ἔαυτόν
2044 1330 2086 1404 ὥς

515 1440 599 1511 είκδς
620 1443 673 1500 καὶ
696 1439 879 1518 συμπροϊάν
900 1442 943 1521 τῷ
964 1439 1066 1523 χρόνῳ
1089 1444 1169 1519 πρὸς
1189 1440 1222 1500 τό
1245 1439 1307 1516 μετ’
1322 1436 1438 1499 ἔπειτα.
1481 1436 1623 1501 Μτοῦτον
1644 1435 1700 1499 οὖν
1721 1436 1975 1518 προσδεξόμενος
1996 1434 2088 1508 ίλεεός

516 1567 547 1608 τε
568 1548 622 1605 καί
643 1543 746 1625 ήπιος,
768 1546 822 1603 καί
843 1541 924 1623 πρός
945 1564 976 1603 τε
997 1543 1051 1603 τδν
1072 1544 1193 1620 βραχὺν
1214 1542 1382 1622 ἐπαινέτην
1403 1538 1484 1620 πρός
1507 1562 1537 1601 τε
1559 1539 1666 1604 τούσδε
1680 1542 1751 1613 τούς
1766 1544 1839 1612 σούς
1854 1539 2087 1621 πανηγυριστάς

517 1654 571 1710 καί
586 1648 785 1727 ύμνολόγους
798 1643 922 1727 εόμενές
935 1644 1127 1728 ἐπιβλέψας,
1145 1645 1287 1725 άμειψαί
1299 1666 1354 1724 μοι
1370 1643 1493 1715 πάντας
1505 1647 1556 1724 τῆς
1572 1648 1793 1724 προαιρέσεως,
1810 1643 1866 1715 ούς
1876 1641 2087 1723 ἀμείψασθαι

518 1753 624 1831 θέμις,
647 1755 701 1811 καὶ
720 1750 788 1822 τούς
809 1751 868 1827 μὲν
889 1748 962 1828 άχρι
983 1748 1091 1821 τέλους
1111 1753 1163 1830 τῆς
1185 1752 1348 1830 συνήθους
1364 1750 1564 1830 προμηθείας
1582 1748 1674 1822 ἀξίου
1695 1753 1748 1810 καί
1763 1749 1817 1829 τήν
1832 1749 1902 1828 ἴσην
1916 1743 2088 1827 ἀντίληψιν

517 1853 645 1936 χαρίζου
667 1852 912 1934 παραπλησίως,
944 1855 988 1934 τῷ
1012 1850 1048 1915 δὲ
1078 1857 1187 1935 κόσμῳ
1216 1856 1323 1913 κακῶν
1355 1849 1548 1933 ἀπαλλαγήν
1577 1851 1717 1929 έξαιτού,
1751 1851 2007 1933 πληθυνθέντων
2032 1850 2088 1911 νῦν

516 1958 641 2040 μᾶλλον
663 1956 718 2019 διὰ
740 1956 774 2018 τό
797 1960 851 2017 καί
872 1960 926 2037 τήν
948 1953 1104 2036 ἀνομίαν*
1124 1955 1261 2035 μάλιστα
1283 1955 1517 2038 πληθυνθῆναι
1539 1962 1592 2016 καὶ
1613 1956 1646 2017 τδ
1663 1955 1749 2040 πάνή
1766 1953 1842 2016 όσον
1855 1952 1944 2018 οὔπω
2012 1951 2088 2015 1711

518 2060 763 2124 κινδυνευόντων
784 2061 943 2141 ἐκτρῖψαι,
965 2059 994 2122 εί
1011 2062 1055 2140 μή
1077 2060 1114 2124 σύ
1134 2061 1189 2141 τήν
1210 2063 1267 2141 σήν
1288 2059 1450 2138 ἔξαγείρας
1473 2061 1652 2141 παρρησίαν
1675 2064 1727 2120 καί
1740 2057 1928 2122 δυναστείαν
1948 2065 2090 2135 ταχυνείς

519 2165 563 2238 είς
587 2167 619 2227 ιδ
643 2167 743 2247 σῷσαι
766 2163 868 2226 πάλιν
889 2161 932 2237 (ἔς
953 2165 1092 2236 εἴωθας·
1114 2160 1189 2245 ήμίν
1210 2163 1245 2225 δὲ
1258 2173 1322 2236 τυίς
1333 2163 1475 2228 ἐνταῦθα
1498 2162 1551 2224 διά
1574 2166 1608 2223 σέ
1631 2160 1862 2242 παρεπιδήμοις
1884 2164 1937 2221 καῖ
1959 2160 2089 2234 ξένοις*,

519 2269 573 2349 τήν
595 2265 734 2349 ἀρχαίαν
753 2266 875 2350 έκείνην
896 2269 1016 2350 αἴτησιν
1038 2264 1246 2348 ἀποπλήρου,
1277 2272 1347 2346 περί
1369 2263 1406 2348 ἧς
1428 2263 1532 2329 ιἰολλά
1555 2266 1720 2348 δεηθέντες
1751 2270 1804 2326 καί
1826 2263 1982 2335 πολλάκις
2003 2261 2089 2325 έκλι-

520 2372 715 2451 παρήσανιες
737 2375 791 2431 καὶ
810 2373 884 2452 πρὶν
906 2369 1028 2431 ἐνθάδε
1048 2373 1209 2446 γενέσθαι,
1234 2371 1322 2434 οὔπω
1343 2375 1399 2443 τάς
1419 2369 1554 2442 ἔλπίδας
1575 2373 1771 2452 παρήκαμεν,
1795 2371 1894 2457 τῇσή,
1919 2366 2089 2449 φιλάγαθε

519 2473 647 2554 μάρτυς,
670 2474 862 2546 πεποιθότες
884 2470 1090 2560 ἀγαθωσύνη,
1114 2475 1153 2534 ἵν’
1175 2471 1279 2553 οἷσπερ
1303 2471 1395 2547 αὐτὸς
1417 2473 1462 2546 οίς
1484 2475 1609 2554 ἔκρινας
1630 2476 1757 2555 τρόποις
1778 2472 1911 2549 έξελέξω
1933 2476 1987 2532 καί
2009 2491 2089 2552 προ-

522 2576 657 2656 σελάβου
690 2578 887 2655 ποιμαίνειν*
912 2575 1024 2655 Ἰακώβ
1045 2576 1100 2640 τόν
1129 2578 1186 2639 σόν
1215 2576 1331 2642 δοῦλον
1360 2582 1414 2639 καί
1431 2576 1555 2660 Ἰσραήλ
1575 2578 1630 2640 τόν
1651 2575 1853 2661 ήγαπημένον
1882 2578 1988 2640 τούτου
2010 2574 2091 2637 λαόν

522 2697 578 2744 σου
600 2680 734 2765 (ἄτοπον
755 2683 816 2759 γάρ
839 2682 913 2754 ἴσως
933 2679 1029 2742 οὐδὲν
1050 2679 1183 2767 δεσπότη
1199 2682 1415 2764 προσηκούσας
1433 2685 1546 2764 φωνάς
1560 2681 1735 2762 θεράποντι
1750 2684 1848 2764 πιστρῑ
1864 2680 2092 2762 περιάπτειν*),

524 2782 602 2848 οὕτω
624 2788 678 2846 καί
701 2783 789 2862 ίσχύν
811 2781 903 2855 αύτδς
924 2782 1096 2871 περιζιόσης
1116 2790 1169 2846 καί
1191 2784 1288 2869 ῥάσιν
1308 2787 1479 2873 χορηγήσης
1501 2785 1627 2869 διπλόην,
1649 2784 1760 2868 ἔπειδή
1782 2804 1830 2848 σοι
1851 2786 2015 2862 καὶσῶμα
2038 2785 2093 2844 καί

522 2888 630 2970 ψυχήν
658 2889 829 2967 κάμνομεν,
862 2891 915 2948 καί
935 2889 989 2950 τδν
1011 2888 1172 2950 σκόλοπα*
1193 2892 1302 2953 τοῦτον
1325 2885 1352 2973 ψ
1373 2888 1613 2969 παιδευόμεθα,
1650 2886 1750 2952 οὐκέτι
1781 2891 1891 2969 φέρειν
1921 2884 1978 2970 (ἀς
1998 2885 2091 2970 δρᾷς)

521 2990 642 3070 ἔχομεν,
664 2989 807 3072 λυπηρόν
829 2988 903 3071 ήμίν
923 2990 1002 3053 οὕτω
1024 2996 1077 3052 καὶ
1097 2993 1197 3073 βαρύν
1218 2993 1415 3074 ἐπικείμενον
1436 2997 1489 3054 καί
1505 2995 1583 3073 πρὸς
1598 2992 1731 3054 άπασαν
1752 2995 1870 3074 πρᾶξιν
1883 2991 2094 3072 πνευματικήν

524 3100 576 3156 καί
601 3098 652 3156 σοί
672 3095 770 3177 φίλην
789 3092 940 3173 ἔμπεδόν
962 3091 1012 3155 ἀεὶ
1041 3097 1285 3175 καθιστάμενον.
1318 3095 1393 3157 ὥστε
1421 3099 1556 3160 σπεῦσον
1584 3097 1629 3168 είς
1656 3099 1710 3177 τήν
1739 3095 1912 3179 βοήθειαν,
1943 3100 2091 3170 σπεῦσον,

523 3194 658 3276 όταχύς
678 3197 724 3270 είς
744 3195 927 3280 ἀντίληψιν.
976 3195 1106 3276 *ὓέγνως
1127 3199 1186 3282 ήδη
1210 3201 1263 3262 τόν
1285 3198 1411 3262 πόθον·
1445 3202 1602 3280 γνώρισον
1624 3197 1715 3272 αὐτάς
1736 3222 1791 3279 μοι
1812 3202 1867 3262 τὸν
1888 3199 1985 3264 ἔλεον.
2014 3201 2093 3278 ἔχεις

525 3300 531 3387 ή
553 3303 606 3364 τὸν
627 3300 741 3377 λόγον·
763 3298 974 3375 ἀντεπίδειξαί
994 3324 1049 3382 μοι
1070 3301 1104 3365 τό
1127 3303 1227 3385 ἔργον.
1249 3305 1328 3384 ἔχεις
1348 3307 1402 3386 τήν
1417 3306 1620 3385 προθυμίαν·
1643 3302 1769 3377 ἀντίδος
1781 3307 1836 3386 τήν
1851 3308 1948 3385 θερα-
2016 3304 2093 3369 171²

523 3408 617 3467 πείαν
641 3443 679 3453 -
702 3402 842 3487 ήμηδέν
863 3405 905 3467 ἔτι
925 3408 1054 3488 μέμφου
1082 3406 1162 3486 πρὸς
1191 3410 1245 3478 τάς
1274 3413 1323 3468 σοὶ
1345 3411 1551 3489 καθηκούσας
1573 3406 1773 3488 ὑστεροῦντας
1803 3406 1987 3490 ὑπηρεσίας,
2019 3407 2092 3491 μηδ’

525 3509 567 3581 τός
589 3508 795 3581 λειποτάκτας
817 3508 899 3590 ἡμᾶς
920 3515 973 3570 καί
994 3511 1225 3594 περιφρονητάς
1247 3511 1352 3573 αίτιοῖ·
1375 3514 1412 3575 σύ
1434 3515 1495 3593 γάρ
1517 3510 1635 3592 μάρτυς
1657 3511 1718 3575 κάν
1739 3511 1835 3596 τούτῳ
1858 3516 1909 3592 τῆς
1924 3511 2092 3595 ἀληθείας,

524 3613 570 3676 ὅτι
592 3614 626 3675 τό
648 3616 707 3692 μὲν
728 3614 851 3690 πνεῦμα
874 3615 1058 3693 πρόθυμον,
1080 3610 1098 3696 ή
1122 3612 1157 3675 δὲ
1180 3619 1260 3694 σάρξ
1282 3613 1456 3696 ἀσθενής*·
1489 3615 1551 3678 οὔτ’
1574 3614 1631 3679 ούν
1652 3620 1703 3697 τής
1726 3619 1819 3687 θείας
1841 3616 2093 3697 φιλανθρωπίας

524 3717 592 3780 οὔτε
614 3721 665 3798 τής
685 3718 874 3797 μαρτυρικής
895 3714 1053 3795 εὐμενείας
1076 3715 1221 3779 ἀπαιτεῖν
1243 3721 1279 3779 τά
1310 3723 1351 3798 μη·
1381 3718 1460 3779 κατά
1494 3717 1640 3799 δύναμιν.
1684 3719 1784 3781 41ίέκεί
1812 3719 1849 3781 δέ
1880 3740 1937 3781 σου
1966 3720 2094 3793 πάντως

524 3819 668 3899 τύχοιμεν
689 3818 827 3893 ἅπαντες
848 3820 1023 3899 προστάτου
1047 3825 1167 3902 θερμοῦ
1189 3827 1242 3882 καὶ
1266 3823 1349 3887 πολύ
1370 3845 1398 3883 τι
1413 3825 1606 3906 θερμοτέρου
1629 3828 1718 3904 παρὰ
1741 3820 1796 3885 τόν
1819 3827 1874 3888 νῦν
1896 3824 1938 3908 (εί
1959 3821 2027 3886 οίόν
2048 3823 2092 3910 τε)

525 3924 588 4009 όσῳ
610 3923 676 3986 τότε
698 3926 751 3984 καί
772 3922 883 4002 μείζων
906 3921 922 3984 ό
946 3922 1033 3999 ἀγόν
1055 3932 1107 3986 καὶ
1130 3923 1146 3987 ὁ
1170 3924 1329 3999 κίνδυνος·
1354 3930 1407 3986 καί
1437 3931 1673 4009 πορασταίημεν
1703 3925 1941 4006 ἀκαταίσχυντοι
1970 3932 2012 4011 τῷ
2041 3927 2094 3988 δε-

525 4031 661 4110 σποτικῷ
683 4026 799 4110 βήματι
821 4027 875 4090 διά
898 4033 951 4110 τῆς
973 4036 1026 4110 σής
1046 4029 1184 4112 μεγάλης
1205 4026 1370 4110 πρεσβείας
1404 4035 1456 4091 καί
1477 4034 1530 4112 τής
1551 4033 1631 4113 πρός
1661 4029 1756 4096 αὐτόν
1783 4031 1984 4104 οίκειτόσεως,
2014 4028 2093 4110 ύπὲρ

525 4128 564 4195 ού
585 4133 618 4193 ιδ
641 4132 698 4194 σόν
720 4128 798 4210 αλμα
819 4133 939 4213 χαίρων
959 4131 1102 4211 έξέχεας,
1131 4139 1184 4195 καί
1211 4137 1286 4216 παρ’
1315 4129 1352 4199 οὗ
1381 4138 1509 4199 τοιαῦτα
1538 4140 1715 4216 προφανῶς
1738 4130 1902 4198 δύνασθαι
1924 4131 2093 4199 κάνταῦθα

526 4234 618 4299 τάκεί
637 4233 732 4316 χάριν
753 4235 902 4317 εἴληφας·
927 4234 974 4297 ότι
997 4234 1080 4320 αύτῷ
1102 4240 1216 4317 πρέπει
1239 4236 1319 4312 δόξα
1341 4243 1395 4298 καί
1416 4238 1485 4322 τιμή
1509 4243 1562 4299 καὶ
1585 4237 1795 4319 προσκύνησις,
1818 4242 1874 4304 νῦν
1895 4244 1948 4300 καί
1970 4237 2020 4300 ἀεί
2042 4242 2095 4300 καὶ

524 4341 569 4412 είς
590 4338 661 4413 τούς
683 4338 803 4411 αίάνας
824 4343 887 4401 τῶν
911 4337 1048 4402 αίιάνων.
1092 4340 1186 4422 ἀμήν.

613 4444 617 4530 ί
645 4446 739 4513 180.
779 4441 927 4505 Ἰωάννου
962 4448 1015 4508 τοῦ
1046 4442 1218 4522 άγιωτάτου
1255 4448 1481 4529 μητροπολίτου
1511 4443 1673 4523 Εόχαίτων
1702 4443 1796 4518 λόγος
1823 4446 1868 4518 είς
1898 4451 1952 4529 τήν
2019 4448 2094 4513 1721

525 4544 653 4630 μνήμην
675 4550 728 4610 τοῦ
750 4544 842 4621 άγίου
862 4546 1140 4631 μεγαλομάρτυρος
1164 4550 1334 4631 Θεοδώρου
1355 4555 1408 4616 τοῦ
1431 4551 1575 4632 εήρωνος,
1605 4549 1670 4628 ἤτοι
1692 4551 1746 4609 τόν
1768 4547 1941 4625 ἀνθισμόν.

615 4653 812 4734 1Μαρτυριιιή
835 4648 1009 4733 πανήγυρις
1030 4653 1140 4729 πάλιν,
1172 4659 1308 4718 καὶτῶν
1329 4652 1496 4736 μαρτύρων
1518 4648 1535 4713 ό
1558 4654 1699 4732 μέγιστος
1713 4648 1866 4727 ύπόθεσις
1879 4651 1978 4726 αὖθις
1999 4657 2042 4740 τῷ
2066 4677 2096 4716 τε

595 4823 624 4870 43
638 4803 679 4858 0¹⁰
691 4803 716 4854 οί
726 4803 844 4870 ἐπίλογοι
855 4801 1024 4854 θίαότιπαοό
1032 4801 1036 4874 Ι
1045 4824 1074 4871 43
1086 4805 1177 4860 Matth
1186 4811 1209 4871 ⁶,
1217 4804 1258 4877 τηΙ
1272 4806 1402 4872 ςςΜτίίλι
1413 4824 1451 4870 24,
1460 4822 1489 4857 τι
1501 4802 1641 4869 λςςίλεοεε
1650 4805 1897 4871 τη,4144Ρεει1αιοζ
1904 4825 1932 4874 71
1945 4805 2096 4876 Ιςςιῖτοπον

525 4891 613 4943 usque
622 4873 815 4942 οδπιριάπτιιν
823 4872 935 4928 addidit
943 4873 1092 4930 aut0¹aut
1098 4894 1195 4932 manus
1202 4895 1305 4934 coaeva
1311 4878 1341 4932 in
1350 4876 1474 4946 margine
1485 4875 1651 4929 studemund
1662 4873 1665 4947 ί
1677 4877 1907 4950 4400rfl12‚7145
1920 4879 2094 4944 Matthm
