4560 6172
340 597 377 644 IV

431 748 577 815 volebam
599 768 675 814 vero
699 749 797 814 etiam
818 766 882 812 non
903 744 1027 824 verbis,
1059 745 1116 810 sed
1139 764 1235 826 opere
1259 744 1437 828 significare
1461 753 1597 828 quantas
1620 745 1834 813 bibliothecae
1856 746 1939 810 vati-

345 871 443 920 canae
466 858 500 932 et
520 849 764 915 bibliothecario
787 849 1037 914 eminentIssimo
1060 855 1094 913 et
1116 847 1289 928 praefectis
1308 867 1429 914 summe
1448 849 1633 914 reverendis
1655 850 1777 931 gratias
1800 866 1938 930 agerem,

346 957 400 1037 qui
420 956 468 1019 ita
489 973 540 1018 me
563 953 719 1030 foverunt,
742 958 779 1017 ut
795 954 973 1017 Romae-
994 952 1022 1016 si
1042 969 1150 1016 eorum
1169 952 1362 1016 mentionem
1385 971 1448 1016 non
1469 953 1597 1018 iniciam
1619 952 1660 1017 de
1682 952 1797 1034 quibus
1812 949 1940 1032 publice

344 1057 432 1139 loqui
458 1057 593 1122 dedecet
615 1089 659 1104 ·-
686 1057 764 1120 nihil
787 1057 1005 1122 desiderarem
1026 1057 1089 1121 nisi
1111 1056 1176 1120 odii
1199 1063 1233 1121 et
1253 1057 1399 1138 ignaviae
1421 1055 1454 1118 in
1475 1056 1583 1136 patria
1604 1074 1656 1119 me
1678 1055 1938 1136 persequentium

346 1157 546 1223 oblivionem.

432 1261 497 1325 iam
518 1278 593 1325 uero
617 1260 695 1324 cedo
718 1260 823 1326 locum
845 1260 1092 1338 Studemundio,
1127 1277 1221 1340 quem
1243 1260 1276 1323 in
1298 1260 1424 1326 schedis
1447 1261 1575 1343 Bolligii
1604 1260 1682 1325 mihi
1704 1260 1834 1326 traditis
1855 1260 1936 1325 haec

347 1362 559 1428 disserentem
581 1364 704 1427 inueni:

477 1465 585 1530 Codex
597 1465 773 1530 Vaticanus
788 1484 922 1550 graecus
943 1470 1004 1529 676
1029 1466 1168 1546 scriptus
1191 1472 1243 1530 est
1263 1467 1391 1531 saeculo
1405 1466 1451 1529 XI
1473 1466 1665 1532 nitidissime
1688 1467 1721 1531 in
1743 1464 1937 1531 membranis

389 1566 510 1633 formae
531 1568 719 1650 quadratae.

477 1672 627 1736 Continet
649 1677 756 1737 autem
779 1672 879 1735 codex
896 1671 1081 1749 Vaticanus,
1105 1690 1198 1751 quem
1220 1672 1332 1737 littera
1355 1672 1379 1736 C
1402 1670 1594 1750 notabimus,
1617 1673 1650 1736 in
1674 1677 1735 1736 317
1757 1671 1843 1736 foliis
1866 1672 1938 1752 ipsa

389 1792 488 1855 opera
509 1774 669 1839 Iohannis.
709 1774 822 1838 horum
843 1773 991 1839 foliorum
1014 1772 1149 1838 confinia
1170 1775 1203 1837 in
1226 1774 1376 1839 editionis
1398 1781 1528 1840 nostrae
1551 1776 1694 1858 margine
1716 1776 1857 1840 numeris
1880 1775 1936 1840 ad·

390 1880 520 1960 scriptis
542 1878 796 1960 significavimus.
841 1879 901 1944 His
925 1884 986 1944 317
1015 1877 1101 1943 foliis
1130 1877 1371 1945 011010010041
1398 1877 1559 1956 fasciculi,
1592 1880 1647 1960 qui
1676 1878 1717 1943 ab
1739 1881 1810 1959 ipsa
1832 1880 1936 1959 prima

391 1983 510 2047 codicis
538 2001 634 2047 manu
663 1983 758 2064 (quae
787 1978 878 2045 nobis
901 1980 940 2046 0¹
971 1983 1034 2063 est)
1069 1989 1277 2047 numerantur
1305 1983 1337 2045 in
1368 1981 1562 2061 singulorum
1595 1981 1820 2047 fasciculorum
1849 1980 1937 2045 foliis

390 2085 502 2165 primis
524 2084 623 2148 rectis
644 2084 677 2145 in
699 2082 842 2164 margine
865 2080 1015 2148 inferiore
1038 2084 1178 2149 numeris
1201 2085 1274 2150 inde
1298 2083 1338 2149 ab
1357 2107 1379 2144 α
1401 2102 1502 2165 usque
1525 2084 1635 2164 adpo.
1681 2085 1803 2165 Integri
1825 2102 1863 2148 ex
1884 2083 1936 2148 his

391 2187 552 2253 fasciculis
575 2188 801 2267 quaterniones
823 2191 898 2251 sunt
919 2188 1040 2267 primus
1062 2206 1163 2269 usque
1186 2188 1227 2253 ad
1249 2188 1394 2269 quintum
1417 2188 1473 2269 (=
1496 2185 1540 2251 fol
1567 2189 1719 2269 1-40):
1754 2194 1864 2253 sextus
1885 2187 1935 2252 fa-

392 2292 529 2357 sciculus
551 2290 626 2355 unio
649 2296 700 2354 est
723 2290 782 2372 (fol
805 2289 925 2370 4142),
948 2289 1020 2353 ideo
1042 2288 1305 2371 quaternionibus
1326 2290 1478 2366 insertus,
1503 2295 1539 2353 ut
1560 2308 1624 2354 una
1646 2308 1717 2354 cum
1740 2288 1935 2354 carmInum¹

390 2395 541 2461 Iohannis
563 2392 624 2456 fine
648 2393 706 2475 (fol
729 2393 785 2473 42)
814 2391 960 2457 finiretur
982 2391 1237 2457 membranarum
1260 2392 1448 2469 fasciculus;
1482 2392 1556 2456 inde
1579 2411 1598 2456 a
1621 2393 1758 2476 septimo
1781 2393 1934 2457 fasciculo

392 2497 516 2580 (10143
539 2496 632 2576 seqq)
664 2493 765 2560 habes
792 2495 1018 2576 quaterniones
1048 2496 1190 2575 integros
1221 2514 1321 2576 usque
1355 2494 1397 2558 ad
1427 2493 1614 2559 fasciculum
1645 2494 1934 2576 quadragesimum,

393 2601 447 2681 qui
468 2600 610 2680 pertinet
631 2616 732 2678 usque
755 2598 796 2662 ad
817 2597 929 2662 folium
953 2602 1024 2661 314.
1070 2597 1210 2662 Ultimus
1231 2596 1403 2662 fasciculus
1426 2595 1485 2679 (fol
1509 2603 1570 2662 315
1590 2596 1682 2682 seqq)
1712 2599 1787 2684 olim
1810 2600 1936 2678 etipse

392 2704 552 2784 integrum
574 2701 816 2783 quaternionem
839 2698 1018 2764 efficiebat:
1042 2701 1100 2764 sed
1123 2719 1193 2764 cum
1205 2701 1247 2765 ad
1262 2718 1393 2781 operum
1407 2700 1557 2765 Iohannis
1569 2701 1688 2765 exitum
1704 2702 1935 2781 capessendum

393 2808 457 2872 tria
478 2805 556 2870 folia
579 2804 780 2887 (315-317)
804 2801 1004 2880 sufficerent,
1034 2808 1142 2868 cetera
1163 2803 1258 2868 huius
1280 2803 1425 2871 fasciculi
1448 2805 1534 2885 folia,
1562 2825 1644 2886 quae
1667 2806 1741 2871 00ι
1762 2824 1863 2870 vacua
1884 2823 1936 2869 re·

392 2910 471 2975 licta
492 2914 599 2986 erant,
622 2907 801 2988 posterIore
824 2913 967 2986 tempore
989 2906 1107 2986 partim
1130 2906 1260 2971 desecta
1283 2914 1373 2987 sunt,
1397 2910 1514 2989 partim
1537 2929 1556 2974 a
1579 2909 1676 2975 variis
1696 2908 1842 2974 manibus
1858 2909 1937 2973 scri·

393 3012 490 3093 ptura
512 3016 609 3075 tecta.
660 3009 834 3092 E[xempli]
857 3010 989 3093 giratia]
1019 3029 1131 3074 manus
1156 3012 1276 3076 saeculi
1298 3012 1374 3077 XIV
1396 3015 1447 3078 vel
1470 3014 1530 3079 XV
1559 3020 1710 3098 quantam
1740 3014 1938 3093 voluptatem

395 3113 456 3179 sibi
485 3113 650 3178 attulisset
670 3103 821 3177 Iohannis
849 3111 1001 3177 librorum
1030 3114 1124 3177 lectio
1155 3113 1205 3178 his
1235 3115 1402 3182 uersicuhs
1428 3117 1596 3195 indicavit,
1627 3115 1742 3198 quibus
1764 3116 1937 3201 Iohannem

394 3219 456 3299 ipsi
478 3215 686 3280 Demostheni
708 3220 877 3295 praestare
900 3214 1055 3280 audacule
1077 3215 1291 3296 praedicavit:

481 3320 649 3398 πάμμουσε
669 3316 758 3396 didio
780 3319 916 3397 χαρίτων
938 3315 1139 3401 πλρρεστοῖτρ,

482 3418 598 3502 σαρήν,
623 3422 693 3497 ἴυγξ
713 3420 833 3503 εὔηχος,
851 3417 993 3501 Ὀρφέως
1015 3418 1107 3501 λύρα,

480 3524 627 3606 δησαυρὲ
649 3522 780 3585 πολλῶν
802 3523 940 3596 ζωτινοῑν
961 3522 1187 3602 παιδευμάτων

482 3626 630 3708 ι’θυντοκή
653 3649 682 3689 τε
705 3631 759 3687 καὶ
780 3631 907 3704 τρόπον
928 3628 1039 3707 σοφῶν
1062 3629 1154 3701 νέων,

481 3733 553 3801 τούς
575 3728 735 3810 α’κροατδς
757 3727 906 3806 διδαχαῖς
928 3731 965 3789 οδ
989 3729 1158 3809 σεμνύνας.

485 3842 607 3916 ψυχαῖς
629 3832 730 3912 ἔρωτα
753 3835 814 3893 τοῖν
836 3830 942 3907 λόγων
965 3835 1184 3914 προσοντίθρς,

484 3935 660 4016 θέλγητρον
681 3931 762 3996 οὖσα
785 3933 920 4015 καρδίας
941 3938 1128 4016 μυουμένρς,
1216 4007 1223 4017 1

484 4041 588 4121 ψυχῆς
610 4037 777 4118 γλδκασμα
800 4041 852 4119 τῆς
874 4036 948 4098 λίαν
970 4037 1177 4120 λυπουμένης.

407 4217 410 4221 .
485 4145 529 4215 τίς
551 4139 742 4223 δημιουργὸς
762 4143 816 4220 τῆς
840 4141 940 4222 σοφῆς
961 4144 1169 4222 τεχνουργίας,

484 4247 529 4318 τίς
552 4263 609 4306 σου
632 4244 734 4324 πατὴρ
758 4247 891 4325 πέφυκε,
914 4254 1025 4321 ποτοςγ
1055 4245 1126 4306 εἰπέ
1147 4267 1213 4323 μοι.

485 4348 568 4419 τίνος
590 4344 721 4428 πόνημα
744 4349 856 4408 καινδν
878 4345 997 4428 α’νδρὸς
1018 4347 1181 4426 τυγχάνεις

486 4446 715 4529 ὒπερπεσόντος
734 4452 797 4511 τοῖν
818 4451 940 4528 βροτῶν
961 4454 1016 4532 τὴν
1039 4449 1152 4513 adulor

491 4554 527 4640 τῇ
549 4552 710 4633 τριτοειδεϊ
729 4558 793 4615 τῶν
815 4553 921 4631 λόγων
943 4554 1095 4632 ποικιλίᾳ,

429 4768 441 4801 1
462 4749 593 4804 Carmina
611 4750 743 4804 Iohannis
769 4752 869 4804 extant
894 4751 981 4804 etiam
1006 4751 1036 4803 in
1055 4750 1150 4804 codice
1169 4749 1359 4805 Ottoboniano
1376 4768 1405 4818 93
1426 4751 1574 4804 chartaceo
1594 4765 1656 4803 saec
1676 4749 1742 4802 XVI
1761 4747 1942 4803 miscellaneo

356 4819 396 4874 fol
413 4837 527 4888 41-75;
555 4821 683 4874 attamen
700 4821 775 4874 hunc
793 4821 918 4876 codicem
937 4838 971 4876 ex
989 4821 1050 4889 ipso
1069 4821 1208 4875 Vaticano
1227 4825 1272 4888 676
1290 4821 1504 4890 transscriptum
1525 4824 1555 4875 01
1572 4819 1636 4875 ideo
1655 4820 1760 4875 nullius
1779 4819 1866 4890 pretii
1885 4835 1944 4873 esse

357 4891 442 4945 certis
460 4890 571 4944 indiciis
590 4891 673 4945 facile
693 4891 870 4960 perspicitur.
