4560 6172
342 544 428 613 1⁸ss
1879 542 1940 607 181

348 711 407 776 οῦκ
430 711 609 784 ὀκνοῦντος.
700 711 724 750 ¹⁴
732 713 853 793 βραχύς
873 709 890 774 δ
911 712 1029 792 μεταξὺ
1049 713 1176 792 χρόνος,
1198 714 1253 772 καὶ
1275 691 1382 793 παρῆν
1403 706 1579 789 αὐτόματος
1601 710 1619 773 δ
1643 709 1835 794 ζητούμενος,
1858 709 1940 795 ἀνῆρ

348 812 451 879 τάλλα
472 819 533 896 μὲν
555 813 593 879 οῦ
615 813 718 897 πάντη
740 813 898 895 μεμπτός,
927 816 1006 877 εἴτι
1026 815 1084 898 χρῆ
1107 813 1263 877 πιστεύειν
1284 823 1348 888 τοῖς
1371 813 1527 888 λέγουσιν,
1557 812 1712 897 εύηθείας
1730 813 1767 876 δέ
1788 818 1843 876 καί
1864 834 1940 878 κου-

347 921 483 1003 φότητος
505 918 591 1002 ῆκων
612 918 657 991 εἰς
679 919 713 980 τῦ
736 916 923 997 ἀκρότατον.
945 921 1009 980 τῶν
1029 916 1228 1001 εῦπατριδῶν
1249 940 1294 990 τις
1315 914 1354 999 ῆν
1374 921 1429 978 καί
1449 920 1512 979 τῶν
1534 915 1639 992 πάνυ,
1667 915 1703 990 ἀς
1722 939 1757 993 γε
1778 921 1834 980 καὶ
1855 916 1940 1002 αὐτῶ

349 1023 478 1101 βασιλεῖ
497 1025 659 1104 προσεχῶς
680 1020 843 1085 ἐκοινώνει
866 1024 1046 1099 συγγενείας
1067 1026 1121 1082 καὶ
1142 1027 1283 1099 αίματος.
1306 1017 1377 1082 ἀλλ’
1392 1020 1494 1082 ἔοικεν
1515 1020 1594 1101 ἔρως
1608 1019 1751 1104 έμμανῆς
1765 1019 1940 1103 φιλαρχίας

348 1125 480 1189 πάντων
503 1125 572 1204 άμα
595 1134 819 1209 καταφρονεῖν.
841 1128 917 1207 παρ’
940 1122 1037 1189 αύτοῦ
1058 1133 1163 1204 μέντοι
1184 1124 1294 1188 τούτου
1315 1126 1370 1184 καὶ
1391 1132 1455 1197 τοῖς
1476 1123 1710 1204 λαμπροτάτοις
1725 1121 1940 1200 δγκαταλεγεῐς

351 1229 357 1315 Ι
380 1232 443 1290 τῶν
465 1228 501 1290 ἐν
513 1227 604 1302 τέλει,
627 1231 681 1289 καί
703 1227 828 1301 πολλάς
850 1232 904 1290 καὶ
924 1226 1067 1309 μεγάλας
1085 1226 1287 1309 στρατηγικάς
1302 1222 1405 1307 ἀρχάς
1419 1228 1607 1301 πιστευθείς,
1632 1223 1711 1308 ῦπδρ
1727 1232 1796 1298 τοῦς
1861 1228 1941 1293 256²

350 1333 418 1394 κατ’
439 1329 538 1397 αῦιύν
558 1353 589 1393 τε
612 1330 735 1406 πάντας
754 1334 867 1414 μικροῦ
882 1332 960 1393 κατά
977 1331 1011 1392 τδ
1027 1333 1170 1408 συγγενὲς
1186 1328 1346 1412 φιληθείς,
1369 1325 1428 1390 οῦκ
1444 1325 1585 1413 ῆγάπησε
1598 1331 1706 1410 μένειν
1721 1327 1940 1411 ἀπραγμόνως

349 1437 428 1497 καθ’
450 1434 575 1509 ἑαυτόν,
599 1433 675 1497 οῦδὲ
698 1438 834 1516 στέργειν
854 1435 910 1517 τῆν
931 1433 1022 1508 τάξιν
1042 1432 1082 1515 ῆν
1103 1430 1226 1514 δτάχθη
1247 1433 1336 1512 παρὰ
1351 1434 1405 1494 τοῦ
1419 1430 1570 1511 μείζονος,
1593 1429 1665 1494 ἀλλ’
1680 1432 1814 1512 ἀμεινον
1828 1435 1940 1511 κρίνας

351 1535 484 1601 πάντων
505 1536 632 1616 μᾶλλον
654 1549 779 1618 κρατεῖν
801 1541 821 1620 ῆ
841 1539 945 1612 τινῶν,
968 1541 1023 1597 καῖ
1044 1536 1087 1617 μῆ
1109 1537 1225 1616 μέρους
1246 1534 1367 1616 ἄρχειν,
1400 1533 1488 1595 ἀλλά
1510 1538 1565 1597 τοῦ
1588 1533 1676 1609 ὅλου,
1699 1537 1833 1616 πρᾶγμα
1855 1542 1934 1600 κατα

351 1642 430 1704 νοῦν
451 1640 605 1719 βάλλεται
627 1640 739 1715 δεινῶς
759 1642 901 1721 χαλεπόν
922 1642 943 1722 ῆ
964 1643 1018 1701 καὶ
1040 1637 1122 1711 ὅλως
1144 1635 1314 1702 ἀδύνατον.
1336 1635 1414 1716 ὑπὲρ
1436 1639 1491 1720 τῆν
1505 1635 1619 1700 ἑαυτοῦ
1632 1639 1778 1722 κορυφῆν
1791 1638 1937 1722 ἀρθῆναι

352 1746 543 1821 διανοεῖται,
577 1751 631 1807 καὶ
661 1748 716 1809 τοῦ
740 1748 792 1827 τῆς
822 1744 985 1823 βασιλείας
1006 1741 1114 1824 ὕψους
1135 1742 1270 1804 πιστεύει
1293 1742 1329 1829 τῆ
1351 1745 1429 1821 χειρὶ
1452 1740 1639 1823 δράξασθαι
1663 1746 1716 1803 καὶ
1737 1740 1939 1824 αὐτοκράτωρ

353 1852 425 1924 νέος
447 1848 523 1931 ῆμῖν
545 1848 563 1911 δ
582 1859 728 1926 γενναῖος
750 1847 880 1926 ἑτοίμως
902 1843 1124 1928 ἀναφανῆναι,
1146 1846 1201 1906 τὸν
1223 1843 1366 1906 παλαιὸν
1380 1841 1623 1924 παρωσάμενος.
1653 1848 1708 1905 καὶ
1721 1847 1782 1925 γάρ
1797 1848 1940 1908 τοιοῦτον

352 1953 370 2036 ῆ
395 1955 510 2015 ἀνοια·
533 1952 659 2032 μεγάλα
681 1956 742 2033 μὲν
763 1950 918 2022 πολλάκις
940 1947 1143 2032 φαντάζεται,
1167 1947 1336 2027 ἐπιχειρεῖν
1361 1945 1390 2007 δ’
1412 1944 1467 2010 οῦκ
1490 1945 1579 2008 όκνεῖ
1598 1949 1653 2009 καί
1673 1956 1738 2019 τοῖς
1759 1945 1938 2030 ἀμηχάνοις

353 2057 462 2129 ἐνίοτε,
485 2059 546 2136 ἔχει
570 2057 598 2118 δ’
620 2055 707 2135 ὅμως
727 2079 756 2118 τι
777 2057 930 2139 χρῆσιμον
951 2053 987 2114 δν
1008 2050 1115 2136 ἑαυτῆ,
1132 2043 1391 2133 ’τὸέῦφῶρατοω
1483 2048 1604 2116 15οῦπω
1617 2054 1694 2126 γοῦν
1707 2045 1794 2124 οὗτος
1808 2050 1936 2133 ἔφθασε

353 2161 409 2244 τῆν
430 2160 508 2244 ῦλην
529 2163 647 2243 σκέψιν
669 2161 815 2233 συνθείς,
848 2161 902 2219 καὶ
928 2160 984 2240 τῆν
1005 2159 1162 2236 βασιλέως
1183 2154 1241 2219 οῦκ
1264 2154 1387 2217 ἔλαθεν
1408 2152 1541 2238 ὀξύτητα
1564 2157 1618 2216 καὶ
1640 2152 1824 2233 ἀγχίνοιαν·
1856 2175 1938 2238 προ-

353 2261 635 2344 καταλαμβάνεται
657 2260 699 2344 δῆ
709 2285 718 2304 ·
750 2265 805 2323 καὶ
834 2259 851 2322 ῦ
881 2258 1004 2322 ἀδικῶν
1032 2258 1202 2341 τηλικαῦτα
1228 2258 1285 2340 τῆν
1313 2268 1375 2330 τοῖς
1405 2256 1573 2320 ἀδικοῦσιν
1606 2257 1731 2340 ε’τοίμην
1760 2256 1939 2335 ἀπολογίαν

353 2365 595 2454 προῆβάλλεται·
625 2366 816 2448 ἀπαρνεῖται
844 2368 900 2446 τῆν
928 2361 1069 2425 ἀδικίαν.
1091 2359 1269 2442 ἱλξύμνυται
1288 2362 1343 2444 τῆν
1363 2359 1504 2443 μελέτην.
1532 2361 1740 2437 συγκαλύποει
1760 2364 1794 2424 τό
1859 2363 1939 2428 257ι
1966 2421 1972 2434 ,

353 2470 504 2553 ἔγκλημα.
531 2473 575 2555 τῷ
597 2468 710 2553 ψεύδει
732 2465 928 2541 σκεπάζεται,
960 2472 1015 2528 καί
1041 2470 1151 2531 τοῦτον
1180 2469 1236 2527 τόν
1265 2465 1383 2545 τρόπον
1409 2462 1585 2528 ύπεκδῦναι
1612 2467 1759 2544 παρῶσαι
1781 2466 1939 2543 καθαρῶς

353 2574 408 2656 τῆν
429 2573 597 2638 ἰπόνοιαν.
628 2578 682 2633 ῖνα
711 2572 739 2633 δ’
769 2566 790 2658 ῆ
818 2570 1045 2652 πιθανῶτερον
1074 2568 1160 2654 αύτῷ
1182 2570 1216 2630 τό
1239 2572 1291 2651 τῆς
1311 2566 1504 2648 ὑποκρίσεως
1525 2569 1643 2652 *(ποιεῖ
1661 2568 1723 2648 γάρ
1746 2569 1865 2650 σαφοῦς
1886 2573 1940 2629 καί

354 2677 423 2749 τοίς
443 2673 574 2758 εῦῆθεις
596 2673 752 2758 ῦφόβος),
777 2671 989 2735 ἀποτάσσεται
1011 2672 1128 2757 κόσμῳ,
1151 2681 1351 2753 παραιτεῖται
1372 2673 1427 2734 τόν
1446 2673 1528 2748 βίον,
1549 2671 1605 2753 τῆν
1625 2670 1679 2733 ἐπὶ
1698 2675 1755 2753 γῆς
1776 2672 1939 2754 στρατείαν

354 2776 620 2853 ἀποσκευάζεται,
651 2782 705 2838 καὶ
734 2774 888 2839 ῦπελθῶν
917 2774 1085 2855 εὐλαβείας
1114 2781 1219 2859 σχῆμα
1249 2780 1303 2836 καὶ
1324 2774 1476 2853 πλάσμα,
1510 2779 1564 2835 καὶ
1594 2774 1707 2855 σκευῆν
1728 2777 1939 2856 περιθέμενος

353 2878 467 2945 αύτίκα
488 2877 677 2962 μοναδικῆν,
700 2879 741 2940 δι’
754 2880 873 2962 έκείνης
893 2881 948 2941 τάν
963 2878 1112 2941 κίνδυνον
1125 2876 1251 2961 εὐφυῶς
1265 2879 1510 2959 παρακρούεται,
1529 2882 1583 2939 καὶ
1596 2877 1650 2939 τάν
1666 2878 1787 2957 Δαβῖδ*
1800 2888 1940 2960 μιμεῖται

355 2980 436 3065 πρός
457 2982 647 3056 τούναντίον,
678 2980 736 3044 οῦκ
759 2983 794 3043 ίκ
816 2984 1055 3064 σωφρονοῦντος
1076 2978 1094 3043 ὁ
1116 2981 1272 3060 βέλτιστος
1293 2979 1481 3061 ύποκριθεὶς
1501 2983 1556 3042 τὸν
1577 2981 1781 3059 μαινόμενον,
1811 2981 1882 3044 ἀλλ’
1903 2981 1939 3056 ἐξ

354 3085 492 3171 ἀνοῆτου
522 3091 576 3148 καὶ
604 3087 749 3169 ἀφρουος
777 3088 831 3149 τδν
859 3083 971 3167 ὀρθῶς
1001 3090 1183 3167 φρονοῦντα
1215 3083 1433 3165 πλασάμενος·
1472 3089 1526 3146 καὶ
1555 3085 1652 3157 οῦτως
1679 3085 1714 3147 ἐκ
1742 3092 1847 3165 μέσων
1879 3084 1938 3169 ῆδη

340 3189 491 3252 ’δικτύων
513 3187 688 3272 ἀποφεύγει
709 3189 743 3251 τδ
769 3187 904 3272 θῆραμα
926 3191 978 3271 τῆς
999 3187 1163 3270 βασιλικῆς
1184 3185 1402 3269 γαληνύτητος,
1425 3187 1494 3268 άμα
1515 3190 1575 3268 μὲν
1597 3186 1727 3268 ὁμαλῶς
1741 3207 1939 3271 προσποιου-

354 3297 450 3377 μένης
478 3295 634 3358 πιστεύειν
661 3302 726 3366 τοῖς
754 3293 825 3380 τάςΙ
840 3294 920 3355 καθ’
941 3291 1064 3355 ἑαυτῶν
1091 3291 1134 3364 άς
1160 3293 1278 3365 ἐκεῖνος
1308 3290 1412 3363 αίτίας
1439 3291 1679 3373 έξομνυμένοις,
1716 3292 1819 3370 μόνον
1849 3292 1938 3372 εἴπερ

354 3400 485 3480 προσείη
507 3419 551 3469 τις
570 3396 660 3468 ἐλπὶς
682 3395 898 3478 διορθῶσεως,
921 3395 991 3476 ἀμα
1014 3394 1050 3458 δὲ
1074 3397 1136 3457 τῶν
1157 3394 1202 3469 εἰς
1216 3397 1306 3457 τοῦτο
1321 3392 1586 3475 μεταβαλλόντων
1599 3397 1653 3458 τὸν
1667 3397 1738 3471 βίον
1750 3393 1940 3477 φειδομένης

353 3498 406 3567 ὑπ’
428 3499 588 3579 εύσεβείας
612 3501 615 3584 j
640 3505 695 3561 καὶ
716 3497 759 3573 ῶς
780 3498 866 3584 ἱεροῦ
892 3501 976 3572 τινός
1003 3497 1124 3563 ἀσύλου
1152 3496 1351 3580 ἀπεχομένης
1372 3495 1426 3561 τοῦ
1447 3494 1620 3580 σχῆματος·
1654 3496 1694 3560 δι’
1717 3497 1795 3579 ὅπερ
1861 3497 1941 3562 257²

354 3603 500 3678 κάκεῖνος
521 3605 587 3666 τύτε
610 3605 744 3677 σωθείς,
776 3602 828 3665 ἐπ’
851 3606 919 3687 ἴσης
941 3602 1099 3682 ἀγνῶμον
1121 3605 1175 3662 καὶ
1197 3600 1278 3684 πρδς
1298 3602 1353 3664 τδν
1375 3600 1568 3683 φεισάμενον
1587 3604 1704 3676 γίνεται
1727 3606 1781 3661 καί
1803 3597 1883 3681 πρὸς
1904 3604 1939 3662 τῦ

353 3712 405 3791 τῆς
428 3711 580 3793 σωτηρίας
602 3706 686 3793 αύτῷ
708 3711 762 3769 καὶ
784 3710 836 3790 τῆς
858 3706 988 3790 φειδοῦς
1009 3708 1120 3769 αἴτιον.

444 3811 528 3885 16Ὡς
548 3814 609 3893 γάρ
631 3812 749 3897 ῆσθετο
770 3812 899 3889 τάχιστα
921 3809 969 3873 δτι
992 3812 1150 3890 νεωτέρων
1172 3810 1232 3892 έρηῖ
1253 3811 1291 3871 τά
1315 3809 1394 3869 κατά
1427 3806 1516 3869 δύσιν
1545 3805 1773 3886 στρατεύματα,
1804 3811 1858 3867 καί
1885 3828 1941 3868 το-

356 3920 467 3982 σοῦτον
488 3911 631 3988 ῦπούλως
653 3915 715 3994 ἔχει
738 3919 792 3975 καὶ
813 3913 995 3997 κακοῆθως,
1017 3912 1087 3993 ἀμα
1110 3912 1146 3974 δῦ
1168 3917 1223 3974 καὶ
1245 3909 1447 3992 συνθῆματος
1467 3909 1596 3970 ἐκεῖθεν
1616 3907 1702 3993 αὐτῷ
1724 3911 1803 3971 κατά
1827 3911 1861 3971 τό
1884 3908 1939 3970 λε-

354 4020 457 4104 ληθδς
478 4018 686 4092 ένδσθέντος,
719 4016 819 4100 μηδὲν
847 4016 1005 4100 μελλῆσας
1034 4016 1107 4098 μηδ’
1129 4013 1271 4089 ἀναδύς*
1304 4016 1372 4097 (καὶ
1400 4015 1460 4092 γάρ
1483 4009 1522 4095 ῆν
1543 4009 1717 4094 ἐλεύθερος
1739 4011 1863 4089 διάγων
1885 4018 1940 4073 καὶ

354 4123 476 4198 ἄνετος,
510 4119 553 4194 ῶς
583 4119 643 4205 ῆδη
665 4123 720 4194 τὰς
742 4119 852 4194 πάσας
873 4116 1019 4205 ῦποφίας
1041 4118 1254 4204 ἀποφυγών),
1284 4120 1395 4179 πᾶσαν
1423 4120 1576 4200 αἴσθησιν
1603 4116 1730 4200 κλέψας
1755 4112 1798 4188 ῶς
1820 4112 1876 4180 οῦκ
1897 4115 1941 4176 ἀν

353 4248 399 4298 τις
421 4223 532 4308 ῶῆθη,
558 4220 723 4305 Ἰεροβοάμ
753 4221 853 4297 ἀλλος
881 4226 998 4300 γίνεται
1028 4226 1150 4286 θᾶττον
1177 4219 1248 4285 ἀντὶ
1269 4220 1388 4299 Δαβίδ,
1419 4218 1596 4303 ἀποστάτης
1624 4224 1684 4301 μὲν
1706 4222 1760 4280 καί
1781 4217 1940 4300 δραπέτης

353 4326 487 4404 ἀγαθοῦ
513 4326 669 4390 δεσπότου
699 4331 754 4388 καὶ
782 4325 955 4405 βασιλέως,
990 4315 1132 4412 πονηροῦ
1161 4323 1197 4389 δὲ
1227 4323 1417 4407 συστῆματος
1446 4320 1735 4406 αὐτοχειροτόνηυος
1763 4319 1880 4402 ἅρχων.
1912 4323 1941 4382 ῶ

355 4431 529 4513 δυσέρωτας
549 4430 671 4511 ἔρωτος.
693 4433 721 4493 ἀ
741 4433 885 4512 κακίστης
906 4429 1095 4510 ἐπιθυμίας.

441 4534 467 4573 ¹⁷
481 4538 522 4596 Τί
544 4534 580 4596 δὲ
603 4534 640 4618 δη“
663 4539 718 4596 καί
740 4531 882 4617 δράσειν,
905 4530 932 4595 ὦ
953 4531 1053 4609 οὗτος,
1077 4536 1157 4615 πρὸς
1178 4537 1231 4617 τῆς
1252 4531 1410 4616 ἀληθείας
1424 4531 1559 4619 διανοῆς
1580 4531 1665 4603 εἴτις
1680 4529 1724 4592 ἔτι
1739 4545 1788 4592 σοι
1803 4526 1940 4615 δύναμις

354 4639 538 4721 σομβουλῆν
552 4639 726 4720 ἀναμεῖναι
732 4665 744 4716 ,·
765 4636 930 4718 βασιλείας
954 4637 1052 4712 ὄντας
1073 4638 1169 4720 έρᾷςς
1190 4642 1246 4700 καῖ
1266 4634 1417 4712 ἀπαξιῶν
1437 4631 1539 4697 τάλλα
1561 4631 1666 4696 πάντα
1680 4632 1784 4696 -τά
1805 4656 1837 4696 τε
1859 4634 1938 4697 κατά

364 4857 371 4876 ,
410 4806 454 4910 ἐξ
471 4787 630 4912 ww
646 4789 694 4911 λαις
715 4787 796 4856 Regu
815 4806 833 4839 ν
852 4806 890 4851 21,
911 4805 938 4852 τε
961 4788 966 4853 Ι
991 4792 1019 4839 1⁶
1038 4784 1140 4847 ύναδῦι
1158 4787 1199 4852 0¹,
1218 4805 1268 4858 per
1286 4786 1483 4857 compendium
1501 4786 1656 4856 scripturae
1676 4783 1710 4839 0¹
1734 4783 1874 4843 ἀναόυστῖς
1897 4783 1942 4838 vel

354 4879 408 4911 W&
427 4878 464 4919 δίς
536 4878 554 4912 λλ
588 4877 652 4912 mun
