4560 6172
217 522 302 592 1⁸2
1739 530 1800 598 143

214 695 311 773 μέσος
332 697 436 779 ἕστηκε
457 696 613 783 λαμήπρός
635 696 806 779 λαμπρῶς,
836 696 853 760 ό
883 701 983 780 μέγας
1004 699 1040 762 ἐν
1061 697 1236 781 άθληταῖς,
1269 696 1286 761 ό
1316 700 1415 780 μέγας
1443 699 1479 762 ἐν
1512 712 1660 786 νικηταῖς,
1727 703 1806 770 193²

217 801 456 882 τροπαιοφόρος
478 799 576 874 όντως
598 805 652 863 καὶ
673 800 882 884 στεφηφόρος,
913 800 992 890 δόξη
1014 806 1068 864 καὶ
1090 805 1161 890 τιμή
1184 800 1387 887 (εμαλμικιόςΙε
1409 804 1525 888 εἰπεῖν)
1547 806 1806 891 ἐστεφανωμένος

217 907 271 965 καί
292 900 460 987 α’μήχανυν
481 909 554 967 υίαν
575 904 783 985 ἐνδεδυμένος
805 904 1007 988 εὐπρέπειαν,
1037 904 1136 969 ὁποῖα
1164 908 1317 990 νυμφίος*
1345 908 1596 989 ἐκπορευόμενος
1622 909 1658 972 ἐκ
1683 915 1806 976 παστοῦ

217 1006 314 1073 αὐτοῦ
334 1007 411 1090 μετὰ
436 1013 577 1092 σοβαροῦ
599 1015 655 1071 καὶ
676 1011 830 1092 σχήματος
852 1016 906 1073 καὶ
930 1013 1113 1094 κινήματος,
1142 1015 1195 1072 καὶ
1216 1013 1319 1095 χαίρει
1338 1015 1398 1093 μὲν
1419 1012 1630 1094 δοξαζόμενος
1651 1013 1807 1100 εὐφήμοις

217 1123 352 1194 φωναῖς,
377 1119 415 1175 αἳ
434 1123 498 1186 τοῖς
521 1113 629 1194 ὐμνοις
650 1114 782 1187 ἐκείνοις
802 1125 867 1188 τοῖς
883 1111 1059 1191 όγγελικοῖς
1073 1137 1105 1177 τε
1127 1118 1181 1176 καί
1199 1112 1359 1196 οὐρανίοις
1381 1113 1632 1196 α’ντιπόμπονται
1647 1119 1805 1197 κάτωθεν,

217 1219 320 1300 χαίρει
343 1216 379 1279 δέ
401 1222 675 1300 προσκυνούμενος
697 1222 816 1292 σεπτῶς
838 1223 891 1281 καὶ
905 1221 1078 1301 τιμώμενος
1092 1218 1127 1282 ἐκ
1143 1217 1248 1301 πάσης
1262 1217 1385 1303 ήλικίας
1407 1224 1462 1283 καὶ
1476 1225 1599 1304 φύσεως
1621 1229 1675 1284 καὶ
1688 1228 1807 1300 παντός

216 1321 277 1405 ήδη
297 1325 408 1399 γένους
430 1323 543 1402 σχεδόν
563 1327 625 1386 τόν
647 1322 698 1388 ὐπ’
721 1322 876 1407 οὐρανόν·
899 1322 930 1388 οἱ
953 1324 989 1387 δὲ
1009 1327 1089 1387 καθ’
1105 1323 1188 1404 άπερ
1203 1324 1247 1396 είς
1263 1324 1435 1408 πάνδημον
1457 1331 1510 1388 καὶ
1523 1330 1632 1389 κοινόν
1646 1326 1806 1413 εὐεργέτην

217 1426 410 1510 παμπληθεῖ
440 1451 469 1490 τε
497 1432 646 1510 προσίασι
676 1433 730 1490 καὶ
759 1431 1009 1510 προσπίπτουσιν
1040 1427 1125 1506 ἅμα,
1154 1426 1295 1507 βασιλεῖς
1327 1434 1378 1511 τής
1407 1432 1462 1513 γής
1498 1436 1552 1492 καὶ
1579 1431 1694 1505 πάντες
1721 1432 1805 1509 λαοί,

219 1532 367 1613 ἄρχοντες
389 1535 443 1593 καὶ
466 1534 581 1604 πάντες
603 1536 704 1615 κριταί
725 1534 809 1613 γῆς*

305 1633 397 1697 6ἀλλ’
418 1636 464 1709 είς
486 1634 586 1698 καλόν
608 1633 683 1720 ήμῖν
704 1636 834 1718 ήκουσιν
856 1634 886 1698 οἱ
907 1634 1048 1714 βασιλεῖς
1072 1634 1117 1707 είς
1146 1635 1200 1697 τὸν
1229 1632 1336 1711 λόγον,
1365 1635 1490 1717 μᾶλλον
1521 1637 1557 1700 δὲ
1587 1642 1619 1702 τό
1651 1642 1802 1705 ἐντεῦθεν

219 1738 324 1812 καλῶς
346 1739 437 1801 αὐτοὶ
459 1745 513 1800 καὶ
539 1742 593 1801 τόν
622 1736 718 1816 λόγον
748 1739 791 1812 ὥς
812 1741 865 1802 τόν
895 1738 1049 1816 σύλλογον
1076 1742 1185 1803 τοῦτον
1216 1737 1502 1821 ύποδεχέσθωσαν·
1537 1749 1625 1809 τοῦτο
1645 1748 1707 1828 γάρ
1731 1744 1804 1827 ήμῖν

217 1843 383 1926 ἐξαιρέτως
405 1847 457 1926 τῆς
478 1841 584 1928 ἑορτῆς
609 1846 613 1929 J
637 1843 669 1904 τό
694 1843 925 1927 λαμπρότατον,
948 1845 1038 1906 τούτο
1056 1849 1111 1906 καί
1129 1846 1181 1927 τής
1197 1842 1333 1927 σήμερον
1346 1844 1483 1925 μάλιστα
1500 1849 1590 1929 παρά
1605 1853 1660 1924 τάς
1728 1853 1804 1917 194¹

219 1947 323 2022 ἄλλας
343 1950 376 2010 τό
400 1948 627 2031 πλεονέκτημα,
650 1947 696 2011 ότι
717 1948 858 2027 βασιλεῖς
880 1947 1098 2030 φιλοχρίστους
1120 1947 1201 2010 οὕτω
1229 1952 1284 2009 καὶ
1306 1948 1547 2033 φιλομάρτυρας
1567 1951 1720 2035 ἐξάρχους
1740 1957 1802 2035 ἔχει

218 2058 272 2116 καὶ
292 2054 460 2136 χορηγούς,
496 2050 541 2124 οἷς
572 2051 703 2114 πολλῶν
735 2050 940 2134 ὐπαρχόντων
963 2050 1104 2129 άγαθοίν
1125 2051 1160 2113 ἐκ
1183 2055 1279 2128 θεοῦ,
1314 2055 1348 2116 τό
1370 2058 1514 2135 μέγιστον
1536 2057 1668 2120 πόντων
1688 2057 1707 2143 ή
1731 2067 1804 2142 περὶ

215 2160 338 2220 ἐκεῖνον
358 2155 576 2240 εὐγνωμοσύνη
609 2162 663 2217 καὶ
691 2159 724 2219 τό
754 2157 834 2240 πρός
862 2155 1024 2235 εὐσέβειαν
1052 2155 1189 2239 γνήσιον,
1221 2151 1256 2239 ής
1284 2156 1438 2241 αὐτάρκης
1467 2155 1652 2237 α’πόδειξις,
1684 2166 1745 2224 κάν
1773 2164 1802 2226 εἰ

217 2261 317 2346 μηδὲν
343 2257 423 2344 ἐπήν
444 2265 558 2345 ἕτερον,
580 2263 617 2322 τό
642 2267 699 2324 νῖν
721 2260 943 2343 θεωρούμενα.
973 2266 1032 2328 νῦν
1053 2260 1088 2323 δὲ
1109 2259 1285 2344 τηλικούτον
1309 2258 1384 2344 ήμῖν
1405 2259 1592 2325 ύποθέσεων
1615 2262 1804 2349 ὐφήτιλωται

218 2365 373 2443 πέλαγος,
405 2371 459 2427 καὶ
486 2371 633 2429 τυσοῦτον
664 2365 791 2449 πλῆθος
819 2365 1016 2446 πραγμάτων
1036 2365 1161 2448 ἐπιρρεῖ
1180 2365 1400 2445 πανταχόθεν,
1432 2367 1474 2439 ὡς
1496 2371 1606 2430 πᾶσαν
1627 2373 1688 2450 μὲν
1710 2372 1803 2455 ὄψιν,

219 2472 330 2534 πᾶσαν
353 2470 388 2532 δὲ
411 2469 511 2552 όκοήν
534 2468 777 2553 περικλύζεσθαι
799 2474 835 2560 τῇ
856 2470 973 2532 τούτων
996 2469 1178 2553 πλημμύρης,
1208 2473 1261 2529 καί
1281 2468 1404 2552 μηδένα
1428 2467 1524 2547 λόγον
1547 2472 1656 2555 α’ρκεῖν
1678 2475 1734 2556 οὐχ
1757 2477 1802 2540 ότι

219 2579 298 2658 πρὸς
320 2574 416 2650 όξίαν
439 2575 546 2637 πάντα
569 2576 752 2655 θαυμάσαι,
776 2571 848 2636 ἄλλ’
871 2572 945 2637 οὐδὲ
969 2577 1031 2636 τεόν
1053 2571 1183 2636 πάντων
1204 2568 1368 2646 ἓνῖκανῶς
1383 2597 1413 2636 τε
1436 2580 1489 2636 καὶ
1503 2581 1633 2660 μετρίως
1657 2578 1800 2664 ὐμνήσαι,

219 2680 279 2742 όσα
300 2685 360 2761 μὲν
381 2680 528 2759 βασιλεὺς
549 2684 602 2762 τής
624 2679 703 2760 πρός
726 2680 807 2742 θεόν
828 2677 954 2753 εὐνοίας
974 2685 1028 2740 καὶ
1050 2682 1179 2751 πίστεως
1199 2677 1327 2760 ἐκφέρει
1358 2679 1394 2739 τά
1421 2675 1590 2759 δείγματα,
1621 2682 1682 2744 ὅσα
1705 2684 1740 2747 δὲ
1761 2687 1799 2747 τό

216 2788 294 2866 γέρα
314 2788 367 2867 τής
388 2787 566 2865 θεραπείας
587 2785 664 2864 παρ’
687 2784 808 2847 ἐκείνου
829 2784 931 2847 πάλιν
953 2782 1192 2864 ἀναλαμβάνει,
1215 2781 1250 2844 έκ
1271 2783 1344 2864 γής,
1378 2781 1414 2843 ἐκ
1436 2782 1616 2867 θαλάττης,
1638 2787 1673 2862 ἐξ
1695 2788 1799 2872 α’έρος,

217 2888 253 2964 ἐξ
276 2885 415 2972 οὐρανοῦ
437 2924 481 2934 -
503 2885 596 2968 ύρῶν
618 2884 798 2966 εὐκρασίαν,
830 2887 985 2971 εὐφορίαν
1007 2893 1149 2971 καρπῶν,
1179 2883 1337 2968 εὐθηνίαν
1359 2892 1497 2969 τροφῶν,
1531 2893 1593 2952 τόν
1614 2892 1658 2964 είς
1680 2890 1801 2977 τρυφήν

218 2996 221 3079 ή
247 3001 300 3053 καὶ
322 2989 505 3054 όπόλαυσιν
528 2990 718 3074 α’νθρτόποις
740 2993 794 3076 τήν
816 2992 997 3075 άφθονίαν,
1021 2997 1121 3055 καίτοι
1144 2994 1240 3056 ταῦτα
1264 2990 1353 3051 δοκεῖ
1372 3012 1440 3063 πως
1462 2990 1656 3073 πλατυτέρας
1723 2999 1800 3062 194²

216 3099 298 3178 ἔχειν
321 3096 423 3170 αίτίας
445 3101 498 3157 καὶ
519 3097 552 3156 τό
577 3095 731 3175 θεοφιλὲς
758 3100 820 3158 τόν
850 3095 1046 3179 κρατούντων
1075 3095 1112 3161 οὐ
1133 3098 1221 3159 πάνυ
1252 3119 1279 3158 τι
1310 3098 1423 3178 σαφῶς
1454 3104 1611 3179 παριστᾶν
1641 3098 1710 3164 οὐδ’
1733 3099 1801 3165 οίον

218 3201 467 3285 άφωρισμένως,
500 3196 571 3261 ἄλλ’
593 3199 622 3260 ελ
644 3206 698 3260 καὶ
718 3203 761 3282 μή
784 3205 880 3265 ταῦτα
902 3210 1057 3277 τοσοῦτον,
1091 3201 1161 3265 ἀλλ’
1183 3200 1291 3264 ἐκεῖνά
1311 3222 1346 3276 γε
1368 3200 1494 3274 πάντως
1515 3204 1569 3265 τού
1592 3203 1802 3286 φιλευσεβούς

217 3305 324 3372 αὐτῶν
346 3306 492 3387 ἄντικρυς
512 3304 678 3387 μηνύματα
700 3306 822 3384 μόνου·
853 3309 897 3378 τίς
925 3307 986 3388 γάρ
1018 3309 1060 3367 όν
1089 3305 1145 3370 οὐκ
1176 3309 1218 3368 όν
1239 3307 1323 3367 εἴποι
1346 3303 1400 3385 τήν
1422 3306 1493 3387 περὶ
1514 3309 1548 3368 τό
1571 3307 1685 3388 κρότος
1706 3309 1800 3390 εὐμέ-

217 3433 306 3475 νειαν
327 3413 379 3472 τοτ’.Ι
402 3411 482 3472 θεοῦ
504 3411 566 3470 τεόν
596 3407 763 3487 δυνάμεων
793 3413 850 3482 τός
879 3413 958 3473 κατά
981 3411 1236 3493 τῶνβαρβάρων
1259 3411 1349 3481 νίκας
1380 3403 1453 3491 ἡμῖν
1479 3407 1515 3484 ἐξ
1545 3408 1683 3492 ούρανοῦ
1704 3436 1800 3497 χορη-

214 3527 290 3594 γεῖν,
313 3510 351 3578 οὐ
371 3516 450 3575 κατά
473 3516 550 3594 μίαν
574 3516 628 3572 καὶ
650 3509 707 3575 δύο
728 3512 923 3595 μικρολόγως
946 3513 1199 3597 α’ριθμουμένας,
1230 3512 1313 3577 α’λλά
1338 3523 1475 3592 συνεχεῖς
1496 3518 1550 3576 καὶ
1571 3513 1703 3600 α’θρόας
1724 3519 1800 3601 παρ’

216 3617 312 3685 αὐτοῐ
336 3617 623 3702 φιλοτιμουμένας,
656 3614 734 3679 οἴτω
757 3620 816 3695 μὲν
837 3621 912 3697 ταχεῖ
937 3625 989 3678 καὶ
1011 3608 1147 3702 ῥηιδίως,
1182 3617 1263 3683 ούτω
1292 3615 1326 3677 δὲ
1349 3613 1488 3690 άπίστως
1517 3622 1570 3679 καὶ
1592 3621 1799 3703 παραδόξως,

217 3723 260 3800 ὥς
281 3726 335 3786 καὶ
356 3720 466 3806 τυφλῷ
489 3719 588 3803 δήλην
608 3720 690 3781 εἶναι
714 3721 815 3805 (τοῦτο
838 3721 876 3804 δή
899 3720 932 3784 τὸ
957 3722 1135 3809 ᾀδόμενον)
1167 3726 1221 3807 τήν
1250 3722 1476 3802 κατορθοῦσαν
1498 3720 1626 3786 ἅπαντα
1650 3724 1799 3809 δύναμιν.

306 3828 393 3900 7πῶς
415 3825 457 3888 ἄν
476 3848 520 3898 τις
541 3822 657 3888 τούτων
679 3827 757 3886 καθ’
778 3827 909 3890 ἕκαστον
931 3828 1104 3911 ἐπιδράμοι
1126 3834 1167 3915 τῷ
1190 3827 1275 3914 λόγῳ
1282 3858 1294 3908 ,·
1331 3830 1399 3899 πῶς
1420 3825 1566 3910 μετρήσω
1588 3832 1621 3890 τό
1645 3831 1799 3916 άπειρονς

216 3938 285 4007 πῶς
307 3932 520 4015 έξαριθμήσοι
541 3930 576 3991 τό
599 3926 836 4013 α’ναρίθμητονς
871 3930 1009 4017 α’νατολή
1040 3939 1094 3994 καὶ
1123 3933 1210 4006 δύσις
1231 3932 1410 4011 βοάτωσαν,
1441 3932 1554 4014 ἄρκτος
1575 3934 1645 4014 άμα
1669 3939 1722 3996 καὶ
1742 3959 1800 4016 με-

216 4040 370 4123 σημβρία·
394 4040 473 4099 πόσι
496 4037 558 4117 γάρ
579 4040 700 4112 γνωστοὶ
723 4037 831 4111 γέγονε
854 4040 906 4100 τού
924 4039 1043 4119 κόσμου
1057 4048 1121 4111 τοῖς
1137 4039 1252 4120 πέρασι
1264 4040 1302 4098 τὰ
1317 4038 1371 4099 τού
1387 4037 1467 4097 θεοῦ
1482 4036 1653 4122 μεγαήλεῖα,
1722 4042 1799 4108 195¹

215 4147 270 4205 καί
298 4146 351 4205 τού
382 4140 520 4203 δυνατού
546 4141 601 4222 τήν
630 4138 778 4223 άήττητον
805 4140 894 4222 ίσχύν
923 4146 975 4204 καὶ
1005 4140 1152 4225 όνίκητον
1180 4140 1218 4203 τά
1249 4140 1330 4224 ἔθνη
1360 4140 1465 4202 πάντα
1496 4139 1650 4225 κηρύττει,
1683 4149 1727 4233 τιή
1747 4147 1800 4231 τής

214 4244 357 4326 εὐσεβοῦς
379 4245 542 4326 βασιλείας
563 4249 617 4305 καὶ
639 4243 949 4331 φιλανθρωποτάτης
971 4246 1050 4332 ζυγῷ
1080 4247 1200 4326 τὰμὲν
1226 4242 1454 4327 ύποκύψαντα,
1488 4246 1526 4306 τά
1557 4247 1593 4311 δὲ
1621 4256 1798 4332 προσερχό-

213 4373 311 4432 μενα,
343 4350 379 4413 τό
414 4349 449 4412 δὲ
480 4351 739 4434 προσδοκώμενα.
770 4350 877 4431 ήξουσι
907 4353 1051 4434 πρέσβεις
1079 4351 1115 4428 εξ
1137 4349 1300 4429 Αἰγύπτου
1323 4384 1363 4396 -
1392 4350 1479 4411 τούτο
1504 4354 1566 4429 μὲν
1593 4356 1796 4438 προφητεία*,

212 4456 320 4540 ταύτης
343 4454 379 4517 δὲ
402 4455 507 4537 σαφής
530 4453 547 4538 ή
572 4454 743 4536 άπόβασις.
767 4454 876 4537 ήκουσι
897 4462 950 4517 καὶ
973 4459 1034 4536 γάρ
1057 4453 1112 4521 οὐκ
1135 4455 1180 4530 τίς
1202 4454 1303 4530 ἅπαξ,
1325 4451 1410 4517 α’λλά
1427 4465 1563 4535 συνεχεῖς
1585 4454 1620 4519 αἱ
1634 4462 1797 4541 πρεσβεῖαι

213 4559 294 4622 καθ’
316 4557 448 4644 ἑκάστην
469 4560 605 4623 ἐκεῖθεν.
627 4564 682 4622 καὶ
697 4558 931 4638 κατακυριεύσει
954 4560 1095 4647 (φησίνί)
1119 4558 1184 4623 άπύ
1202 4558 1371 4642 θαλάσσης
1385 4562 1444 4633 ἕως
1460 4559 1638 4646 θαλάσσης,
1660 4566 1713 4624 καί
1729 4561 1795 4627 άπό

214 4668 367 4744 ποταμῶν
389 4668 448 4737 έως
469 4664 616 4746 περάτων
644 4669 696 4746 τής
726 4664 920 4749 οἰκουμένης.
954 4664 971 4727 ύ
996 4665 1031 4728 δὲ
1052 4664 1199 4746 βασιλεύς
1235 4662 1252 4727 ό
1284 4662 1428 4749 ήμέτερυς
1459 4670 1512 4728 καὶ
1540 4667 1609 4738 τούς
1638 4669 1799 4748 ποταμούς

207 4765 349 4851 ὑπερβάς
370 4767 430 4853 ήδη
451 4773 514 4831 τόν
538 4772 713 4851 περαιτέρω
736 4780 859 4851 κρατεῖ,
890 4773 943 4832 καὶ
972 4771 1009 4832 τά
1042 4774 1117 4851 πρὶν
1139 4768 1306 4851 α’κυρίευτα
1327 4774 1381 4832 καὶ
1403 4770 1513 4852 ἄμαχα
1537 4767 1640 4846 όπλα,
1673 4770 1796 4853 πρδςά

281 4890 1504 4964 ςΡεαΙιαηόήςΡυαίωιηύΙςΡεαΙωρμιηιτΙηΡευΙωξί3τΙηΡεαίωοα8
