4560 6172
342 538 405 602 194
1838 530 1924 595 18ss

340 707 457 768 τούτων
480 711 615 786 συνεχῶς
637 709 821 785 γινομένων,
855 703 1073 767 ἀνυπόστατον
1102 704 1223 782 ἔχειτὰ
1248 704 1330 763 κακά
1354 705 1543 783 παρρησίαν,
1578 706 1631 762 καὶ
1662 704 1713 781 τῆς
1740 704 1923 782 μοχθηρίας

340 809 358 891 ή
375 809 476 888 τόλμα
492 809 670 882 ἀκάθεκτος
685 810 801 890 ὁμοίως
816 813 870 871 καὶ
883 808 1088 887 ἀνεπίσχετος.
1171 805 1244 868 7θού
1258 811 1322 890 μήν
1335 805 1436 888 ἀλλ’ἢ
1452 804 1596 887 βασιλική
1611 804 1781 887 γαληνότης
1797 805 1881 869 πολό
1894 829 1922 867 τι

340 915 392 991 τής
415 914 506 984 ἀξίας
528 913 698 977 κάνταῦθα
722 917 793 992 περὶ
813 920 869 994 τήν
888 916 1041 992 τιμωρίαν
1063 909 1199 993 ύφήκεν·
1223 911 1269 973 δτι
1283 910 1345 991 γάρ
1366 916 1418 971 καί
1434 908 1543 971 ἀλλων
1557 909 1710 988 βασάνων
1732 914 1784 969 καί
1801 913 1923 970 ποινάν

343 1015 423 1095 ἦσαν
446 1015 548 1090 ἀξιοι,
584 1020 777 1099 πικροτέραν
797 1017 841 1078 ἔτι
863 1020 915 1078 καί
936 1019 1127 1095 βαρυτέρων,
1164 1014 1195 1077 οἶ
1215 1014 1347 1094 μεγάλοι
1369 1019 1420 1096 τῆς
1443 1013 1564 1084 πόλεως
1589 1017 1688 1090 θυμοὶ
1717 1017 1921 1091 μαρτυροῦσι,

342 1120 410 1181 κατ’
436 1119 565 1182 ἐκείνων
594 1121 637 1182 ἔτι
668 1119 882 1202 σφαδάζοντος
912 1126 965 1180 καί
993 1129 1055 1192 τοϊς
1083 1117 1211 1182 δδοῦσι*
1242 1118 1397 1201 ζητοῦντες
1425 1124 1496 1191 τούς
1523 1115 1661 1189 ἀθλίους
1690 1116 1924 1195 διασπαράξαι.

345 1223 362 1286 ὀ
386 1227 441 1286 τοῦ
463 1224 618 1301 βασιλέως
640 1223 668 1287 δ’
691 1222 749 1286 οὐν
771 1222 857 1296 ἕλεος
878 1223 914 1288 οὐ
935 1222 1053 1295 τούτοις
1073 1221 1175 1300 μόνον
1195 1222 1360 1304 ἐμέτρησεν
1382 1223 1456 1301 άχρι
1477 1220 1584 1285 τούτου
1601 1221 1655 1302 τήν
1671 1219 1770 1303 δίκην,
1793 1224 1856 1282 κάν
1875 1224 1922 1295 είς

343 1327 470 1406 μείζονα
493 1327 598 1410 φόβον
620 1329 701 1390 ἔστιν
723 1328 744 1388 ἀ
768 1332 821 1387 καί
843 1330 1128 1405 προσυπεκρίνατο,
1159 1325 1242 1388 ἀλλά
1267 1331 1321 1386 καί
1341 1335 1404 1397 τοίς
1427 1324 1537 1395 ἀλλοις
1559 1322 1664 1405 ἀφήκε
1686 1331 1740 1407 τήν
1761 1325 1807 1397 είς
1829 1332 1921 1408 σῶμα

344 1434 469 1515 ποινήν,
491 1443 554 1504 τοίς
575 1455 605 1495 τε
627 1439 701 1514 πρὶν
725 1431 913 1509 αὐτομόλοις
942 1436 1079 1502 καὶτοῖς
1102 1429 1410 1511 ὐστερονπρόσφυξι
1441 1434 1495 1489 καί
1523 1428 1628 1499 αύιοίς
1651 1429 1686 1490 δὲ
1707 1430 1838 1502 έκείνσις
1860 1442 1923 1503 ιοίς

344 1537 502 1618 ἀτρέπτως
523 1537 569 1609 είς
590 1537 676 1608 τέλος
698 1540 741 1620 τῷ
764 1535 909 1618 τυράννῳ
931 1538 1148 1614 συμμείνασιν.
1172 1535 1201 1596 ελ
1223 1536 1258 1597 δὲ
1281 1540 1333 1596 καὶ
1356 1539 1425 1614 περί
1448 1538 1502 1616 τήν
1516 1531 1626 1598 οὐσίαν
1641 1536 1661 1614 ηἈ
1674 1539 1728 1615 τήν
1744 1540 1923 1618 κατοίκησιν

345 1641 654 1721 φιλανθρωπότερον
675 1663 703 1701 τι
725 1641 907 1722 σιωπήσειεν
928 1639 980 1701 ἐπ’
1001 1637 1115 1724 αύήτοτς
1137 1637 1154 1701 δ
1177 1638 1423 1720 φιλάνθρωπος,
1445 1636 1657 1720 ἀγαπῷηνάν
1673 1639 1777 1714 ἔγωγε,
1843 1642 1923 1706 278*

345 1750 398 1830 καί
419 1750 474 1825 τήν
496 1742 609 1826 ἀρετήν
629 1738 708 1824 ύπὲρ
730 1744 910 1823 ἀνθρωπον
931 1741 1106 1825 διαρρήδην
1126 1741 1324 1825 δμολογοίην.

436 1847 513 1909 ἩἩ
530 1851 588 1926 μὲν
611 1847 649 1929 δή
673 1850 795 1929 φοβερά
818 1849 870 1927 τής
890 1846 1076 1927 τυραννίδος
1098 1850 1236 1927 πυρκαίά
1260 1847 1295 1921 έξ
1315 1844 1565 1922 ὑπεκκαυμάτων
1580 1847 1728 1909 τοιούτων
1749 1850 1803 1930 τήν
1819 1849 1922 1933 ἀρχήν

347 1950 537 2033 ἀναφθελσα
567 1956 620 2011 καί
646 1950 690 2023 είς
718 1951 822 2031 φλόγα
849 1950 998 2032 τοσαύτην
1028 1948 1219 2023 ἀνελπίστως
1242 1950 1381 2031 ἀρθεῖσα
1405 1950 1484 2015 οὕτω
1509 1953 1627 2012 θάττον
1649 1951 1787 2033 ἐσβέσθη
1809 1958 1844 2042 τή
1868 1959 1922 2019 τοῦ

347 2059 516 2137 κρείττονος
539 2057 649 2135 χάριτι,
673 2052 710 2119 ού
731 2060 784 2115 καὶ
804 2054 885 2137 μόνη
907 2057 997 2136 φωνή
1020 2056 1184 2117 διακόπτει
1206 2055 1314 2134 φλόγα
1338 2055 1472 2130 πυρός*·
1495 2054 1530 2124 δς
1544 2055 1673 2133 ἐπιτιμᾷ
1690 2061 1742 2116 καί
1758 2058 1920 2146 θαλάσση,

347 2166 400 2220 καὶ
423 2165 529 2235 σιγῶσι
553 2163 590 2220 τά
613 2158 767 2236 κύματα*·
793 2158 951 2221 έπιτάσσει
973 2165 1026 2220 καί
1048 2160 1214 2235 καταιγίδι,
1237 2166 1289 2221 καὶ
1310 2160 1354 2231 είς
1370 2156 1472 2238 οὖρον
1493 2164 1629 2220 ἵσταται·
1655 2160 1844 2239 προσβλέπει
1868 2174 1923 2224 καί

348 2264 497 2341 ἄβυσσον,
529 2269 581 2323 καὶ
605 2258 692 2342 παρά
717 2266 821 2345 χρῆμα
844 2266 1037 2345 ξηραίνεται·
1068 2264 1102 2336 ὃς
1124 2262 1242 2344 ῥᾳδίως
1270 2264 1374 2325 πάντα
1405 2274 1491 2325 ποιεί
1517 2267 1570 2323 καὶ
1591 2266 1809 2341 μετασκευάζει
1831 2267 1922 2352 μόνῳ

347 2366 513 2450 θελήματι.

437 2469 554 2534 72Ἀλλ’
577 2470 695 2542 ἐκεῖνος
715 2472 774 2547 μὲν
797 2468 876 2531 οὕτω
898 2472 952 2531 καί
972 2470 1120 2543 τοιούτοις
1143 2473 1278 2552 σημείοις
1299 2471 1489 2554 ἀπορρήτοις
1511 2477 1564 2532 καί
1585 2475 1691 2549 τέρασι
1714 2476 1768 2555 τήν
1790 2473 1924 2554 ἀπειρο-

349 2573 490 2653 δύναμον
512 2574 648 2652 δύναμιν
670 2572 766 2638 αὐτοῦ
788 2580 933 2655 φανεροί,
957 2579 1009 2633 καί
1031 2575 1100 2645 τούς
1120 2575 1171 2636 ἐπ’
1194 2575 1290 2640 αὐτόν
1303 2577 1501 2647 πεποιθότας
1516 2575 1549 2636 έκ
1567 2583 1679 2637 πασῶν
1694 2580 1756 2638 τάν
1771 2577 1924 2656 θλίψεων

349 2677 488 2761 ῥόεται*·
512 2678 600 2760 ήμείς
622 2677 657 2739 δὲ
679 2675 862 2760 τηλικαύτης
883 2675 1023 2755 τυχόντες
1045 2676 1227 2758 οὐρανόθεν
1248 2679 1432 2757 ἐπικουρίας
1452 2685 1505 2740 καί
1520 2677 1667 2760 τοσαύτης
1688 2680 1815 2742 έκείθεν
1837 2678 1923 2743 ἀπο-

349 2783 521 2853 λούσαντες
543 2780 758 2862 ἀντιλήψεως,
790 2779 876 2841 δεῦτε
905 2783 964 2842 νύν
994 2778 1269 2861 ἀγαλλιασιόμεθα
1301 2784 1446 2862 φαιδρῶς
1478 2787 1521 2863 τῷ
1554 2786 1667 2864 κυρίῳ,
1708 2781 1923 2863 ἀλαλάξωμεν

348 2891 390 2965 τῷ
414 2890 482 2969 θεῷ
505 2889 547 2968 τῷ
569 2889 681 2965 σωτήρι
713 2883 829 2966 ήμῶν*,
863 2883 968 2962 δάμεν
996 2884 1097 2959 δόξαν
1120 2887 1156 2948 έν
1185 2887 1302 2949 αἰνέσει
1334 2887 1459 2960 admi&
1493 2886 1675 2965 ύψαίσωμεν
1705 2888 1817 2968 φωνήν
1845 2890 1925 2967 πρδς

349 2989 470 3062 αὐτόν*,
493 2988 718 3067 μεγαλένωμεν
740 2987 809 3067 ἀμα
830 2992 883 3050 τὸν
906 2988 1071 3070 λυτρωτήν,
1093 2989 1140 3052 ὅτι
1162 2990 1317 3077 έποίήησεν
1339 2991 1413 3073 ἡμῖν
1433 2990 1585 3069 μεγαλεῖα
1601 2989 1618 3053 δ
1635 2991 1781 3065 δυνατός,
1845 2994 1924 3057 279¹

350 3101 402 3155 καὶ
431 3092 523 3167 άγιου
549 3092 585 3153 ’τδ
613 3092 716 3171 ὄνομα
747 3089 881 3153 atheo*-
916 3090 962 3153 ότι
990 3093 1116 3172 εἴδομεν
1152 3097 1322 3174 πράγματα
1359 3099 1531 3174 θαυμαστά
1564 3101 1615 3155 καὶ
1644 3093 1780 3174 μεγάλα,
1815 3096 1836 3155 ἀ
1866 3095 1924 3156 οὐκ

350 3197 478 3261 εἴδοσαν
501 3194 532 3259 οἱ
554 3201 685 3275 πατέρες
707 3195 806 3279 ήμῶν,
840 3196 862 3256 δι’
885 3193 940 3260 οὐκ
962 3195 1171 3278 ήκηκόεισαν,“
1192 3197 1238 3260 ότι
1260 3199 1295 3274 ἐξ
1316 3198 1420 3278 ὕψους
1443 3198 1524 3280 ἡμᾶς
1545 3198 1684 3280 ἀνατολή
1707 3198 1925 3282 ἐπεσκέψατο*

353 3309 490 3373 καὶτοῖς
513 3305 708 3383 καθημένοις
729 3301 764 3362 έν
786 3297 905 3362 σκότει*
925 3299 1071 3380 ἀθυμίας
1092 3302 1264 3384 ἓπέφανεν,
1295 3301 1339 3364 ότι
1363 3303 1477 3384 έτέχθη
1501 3307 1600 3383 σωτήρ
1631 3301 1672 3376 ὡς
1695 3301 1829 3385 ἀληθῶς
1850 3303 1927 3384 ήμίν

352 3405 504 3488 σήμερον,
528 3405 606 3476 θεός
628 3404 763 3484 ἰσχυρός,
786 3403 1002 3486 έξουσιαστής,
1027 3404 1135 3484 ἅρχων
1156 3406 1253 3478 ὄντως
1273 3407 1423 3489 ελρήνης*,
1444 3409 1482 3469 τά
1505 3406 1617 3468 σκολιά
1639 3411 1738 3479 τιθείς
1759 3408 1804 3479 εἰς
1824 3406 1926 3471 εὐθέα

352 3515 406 3571 καί
427 3510 463 3571 τδ
488 3511 604 3589 τραχέα
627 3506 770 3586 μετάγων
791 3506 836 3578 είς
858 3504 950 3580 ὁδούς
972 3507 1086 3581 λείας*,
1121 3509 1154 3570 τό
1183 3511 1364 3588 μεσότοιχον
1393 3507 1490 3583 αὐθις
1515 3514 1568 3575 τοῦ
1600 3515 1747 3592 φραγμοῦ
1768 3511 1929 3578 διαλύων*

354 3621 407 3676 καὶ
428 3616 575 3688 συνάγων
597 3611 698 3674 πάλιν
719 3614 755 3672 τά
780 3609 937 3684 διεστῶτα,
960 3611 1155 3692 ἐπιστρέφων
1177 3611 1213 3673 τά
1238 3615 1383 3693 πρόβατα
1405 3617 1441 3675 τά
1466 3614 1527 3689 ἔξω
1549 3614 1742 3694 πλανώμενα
1772 3623 1825 3676 καὶ
1848 3621 1928 3695 πρδς

353 3721 407 3799 τήν
428 3718 515 3778 ἰδίαν
541 3716 692 3795 μάνδραν
720 3713 865 3776 ἐλαύνων
895 3718 947 3775 καλ
977 3719 1079 3776 ποιῶν
1108 3721 1185 3793 μίαν
1216 3720 1363 3801 ποίμνην,
1392 3721 1450 3781 ἕνα
1482 3720 1646 3797 ποιμένα*,
1678 3719 1724 3781 ὅτι
1752 3722 1789 3780 τὰ
1821 3721 1928 3783 πάντα

352 3823 568 3904 ελρηνοποίησε
591 3819 645 3882 διά
667 3823 719 3900 τής
741 3818 853 3883 ἑαυτοῦ
873 3819 1042 3899 γεννήσεως
1065 3823 1131 3895 νύν,
1153 3817 1191 3881 ια’
1214 3844 1243 3880 τε
1266 3820 1302 3883 έν
1323 3820 1448 3904 οὐρανῷ
1472 3829 1525 3883 καί
1546 3824 1584 3884 τά
1609 3824 1662 3884 έπί
1682 3829 1735 3904 τῆς
1756 3828 1820 3904 γῆς.

444 3925 470 3964 ⁷³
486 3927 551 4006 Τήν
572 3927 631 4003 μὲν
652 3921 708 3988 οὐν
730 3929 895 4005 παροῦσαν
917 3920 1096 4004 εὐεργεσίαν
1118 3925 1170 3987 τοῦ
1191 3929 1355 4004 τεχθέντος
1378 3936 1431 3986 καὶ
1451 3924 1609 4011 στήσαντος
1631 3926 1714 4008 ήμάς
1737 3927 1930 4007 παραδόξως

354 4029 456 4101 οὐδεὶς
486 4030 651 4112 δυνήσεται
681 4027 775 4102 λόγος
804 4027 884 4106 πρδς
910 4025 1006 4101 ἀξίαν
1035 4023 1187 4109 ύμνήσαι,
1218 4033 1279 4089 κάν
1309 4033 1419 4091 πάσαν
1450 4031 1610 4114 εὐφημίαν
1642 4037 1695 4092 καί
1725 4032 1860 4094 ἔπαινον
1884 4033 1931 4106 εἰς

354 4138 441 4200 τούτο
464 4137 691 4218 ουνεισενέγκη·
715 4131 733 4193 δ
756 4131 791 4193 δὲ
814 4130 912 4192 πλέον
934 4136 995 4193 των
1018 4132 1127 4193 ἀλλων
1149 4133 1257 4217 έκείνῷ
1279 4157 1309 4196 τε
1329 4141 1529 4215 χαριέστερον
1550 4141 1603 4196 καί
1624 4142 1666 4219 τῷ
1683 4141 1784 4217 καιρῷ
1800 4159 1930 4216 πρεπω-

350 4240 509 4318 δέστερον,
526 4238 606 4312 δόξα
620 4237 655 4299 έν
670 4235 815 4315 ύψίστοις
830 4240 896 4318 θεῷ
908 4243 962 4297 καί
973 4235 1025 4298 έπλ
1039 4240 1094 4319 γής
1104 4236 1222 4320 εἰρήνη,
1234 4238 1270 4301 έν
1284 4236 1642 4320 ἀνθρώποιςείδοκία*·
1661 4240 1664 4326 ή
1680 4246 1787 4305 τούτου
1851 4241 1931 4306 279²

355 4344 430 4423 παρ’
453 4340 596 4418 ἀγγέλων
617 4343 671 4402 τόν
691 4340 793 4420 ὐμνον
814 4339 849 4401 έν
871 4344 971 4423 καιρῷ
992 4339 1236 4422 δανεισάμεθα,
1265 4347 1372 4414 τούτου
1394 4345 1452 4408 σύν
1472 4344 1602 4415 έκείνοις
1624 4349 1931 4425 καρποφορήσωμεν,

354 4440 443 4518 οὗτος
464 4445 659 4526 χαριστήριος
681 4444 757 4505 ἔστω
781 4448 868 4522 παρά
891 4449 952 4505 τάν
973 4441 1009 4509 εύ
1030 4446 1205 4508 παθόντων
1227 4453 1268 4530 τῷ
1291 4446 1447 4535 εὐεργέτῃ,
1480 4448 1515 4519 δς
1537 4446 1653 4513 οὐδένα
1677 4450 1846 4538 κατήσχυνε
1868 4453 1932 4511 τῶν

354 4552 404 4613 ἐπ’
427 4548 522 4617 αὐτόν
544 4546 762 4622 πεποιθότων,
784 4547 819 4620 ός
840 4548 919 4609 καθ’
932 4545 1046 4611 ἑαυτοῦ
1069 4550 1187 4629 τίμασε*
1210 4554 1265 4614 Za}
1287 4551 1358 4626 έγιό,
1383 4551 1465 4626 λέγει
1488 4553 1603 4632 κύριος,
1628 4551 1702 4613 ἀλλ’
1718 4556 1736 4635 ή
1750 4556 1821 4626 τούς
1837 4552 1932 4628 δοξά-

424 4759 455 4806 γο
473 4739 563 4792 ὀδοῦσι
583 4738 624 4800 0²,
652 4737 742 4790 ίδούσι
760 4737 793 4790 0¹
816 4739 820 4802 Ι
843 4755 871 4802 71
890 4736 982 4790 Ρεολια
1003 4756 1034 4801 κη
1053 4757 1066 4803 γ
1089 4741 1093 4803 Ι
1117 4757 1144 4804 71
1167 4739 1222 4793 Luc
1240 4743 1263 4802 8,
1283 4756 1310 4805 ις
1334 4738 1340 4805 Ι
1361 4757 1392 4804 γι
1412 4737 1503 4791 Ρεολυι
1521 4739 1554 4806 λγ
1572 4755 1586 4802 γ
1608 4751 1612 4796 1
1635 4756 1665 4802 γι
1684 4738 1776 4793 Ρεολαι
1795 4736 1833 4790 (λδ
1851 4757 1861 4791 ι
1880 4742 1884 4803 Ι
1901 4758 1932 4803 γι

353 4811 445 4865 Psalm
464 4813 491 4872 ξι
510 4832 524 4865 ι
540 4817 545 4878 Ι
561 4831 591 4877 γι
609 4811 701 4865 Ρεοίιο
722 4827 750 4876 ρι
767 4828 781 4877 9
797 4811 801 4875 Ι
817 4827 847 4876 γι
867 4809 922 4862 Luc
942 4827 964 4870 1,
984 4810 1036 4877 491
1054 4829 1082 4876 γι
1101 4811 1158 4865 [auo
1178 4831 1199 4874 1,
1216 4815 1245 4877 78
1262 4818 1265 4872 ί
1283 4830 1312 4877 γι
1332 4810 1424 4864 matth
1443 4830 1466 4875 4,
1487 4814 1516 4861 τί
1532 4819 1535 4877 Ι
1552 4829 1582 4876 γι
1601 4811 1702 4877 Ιεα9,6
1718 4811 1722 4879 Ι
1739 4829 1768 4875 γι
1787 4811 1831 4864 Ιεα
1841 4814 1933 4881 40,41

352 4901 383 4946 γι
401 4883 493 4953 Ερλιοε
511 4904 535 4946 τ,
556 4903 584 4948 14
600 4882 604 4953 Ι
620 4902 650 4948 γι
668 4882 775 4937 Iohann
796 4901 833 4947 10,
854 4885 882 4933 16
898 4887 903 4948 Ι
918 4898 946 4948 73
968 4882 1024 4936 Luc
1043 4902 1066 4948 2,
1087 4901 1116 4947 14
1131 4885 1136 4951 Ι
1151 4901 1179 4949 73
1201 4883 1282 4953 Regu
1301 4902 1319 4934 α
1338 4901 1362 4946 ι,
1382 4901 1412 4949 30
