4560 6172
337 514 380 581 36

425 687 489 747 τάν
509 681 716 762 εὐσεβούντων
737 681 983 765 άγρυπνυύνταν
1004 682 1040 746 έν
1061 685 1185 766 φόβοις,

428 787 501 851 στ’δὲ
522 786 699 868 προδοῦναι
720 788 774 851 τοῦ
795 785 929 869 κράτους
950 794 1006 862 τάς
1028 786 1119 870 ἢνίας

425 891 470 964 είς
490 902 596 972 χεῖρας
615 891 747 973 έχθράς,
771 889 922 964 δουλικάς
942 897 996 953 καί
1016 892 1210 973 βαρβάρους.

385 996 405 1061 5
428 993 499 1056 ἀλλ’
521 995 566 1068 είς
586 994 677 1059 δύσιν
698 991 877 1058 σπεύδουσα
899 998 954 1056 καλ
977 996 1057 1074 πρὸς
1078 999 1134 1077 τήν
1155 996 1197 1056 έω

425 1103 467 1184 τῷ
489 1102 545 1180 γῆς
566 1100 728 1180 κρατοῦντι
750 1107 908 1178 συμμαχεῖ
928 1098 1127 1183 στεφηφδρφ,

426 1202 562 1275 εὔζωνον
584 1202 661 1266 οὕτω
683 1202 738 1265 τὸν
761 1200 881 1283 δρόμον
904 1206 1087 1285 ποιουμένη.

429 1310 483 1367 καὶ
503 1308 713 1387 μαρτυροῦσιν
735 1305 787 1381 o&
810 1304 980 1389 δφυπνίζει
1002 1306 1125 1390 φίλους.

343 1514 411 1581 Gli.
435 1512 490 1584 Είς
511 1514 566 1594 τὴν
588 1509 695 1595 αὐτήν.

386 1617 403 1680 1
429 1617 601 1697 Δραμοέσα
623 1615 656 1677 τὸ
678 1618 754 1696 πρὶν
775 1614 810 1690 έξ
831 1612 914 1698 ἕρδοις
935 1616 981 1689 είς
1003 1614 1102 1691 δύσιν,

426 1724 480 1780 καί
501 1719 557 1783 σὺν
579 1717 649 1805 δίκῃ
670 1721 815 1781 κτείνασα
837 1720 892 1782 τδν
912 1719 1100 1801 μιαιφόνον,

428 1823 509 1904 πρὸς
529 1827 584 1904 τὴν
604 1821 716 1905 ἑαυτῆς
740 1820 837 1897 αὖθις
859 1823 994 1904 ἐκτρέχει
1016 1823 1112 1885 πόλιν

428 1924 446 2010 ἡ
468 1924 688 2001 παντάνασσα,
712 1931 765 1988 καὶ
786 1929 954 2008 τροποῦιαι
975 1925 1169 2008 βαρβάρους,

384 2032 405 2097 5
428 2035 516 2114 νίκην
538 2029 588 2093 άεὶ
610 2032 748 2110 νέμουσα
770 2034 812 2114 τῷ
835 2031 1035 2114 στεφρφόρφ,

428 2133 510 2197 ὅθεν
531 2138 669 2216 παριστᾷ
690 2137 744 2196 καὶ
764 2142 925 2216 γραφεῖσα
944 2135 999 2195 τὰν
1021 2131 1151 2217 δρόμον.

342 2341 486 2430 165.Είς
507 2342 576 2413 τοὺς
600 2339 659 2403 δύο
681 2339 792 2417 άχίους
816 2338 1014 2422 Θεοδώρους.

387 2445 474 2517 1Ὠς
496 2442 643 2522 α’χχίνους
665 2441 703 2526 ἢν
725 2441 742 2506 δ
763 2446 901 2527 γραφεὺς
925 2447 986 2507 τῶν
1006 2443 1155 2506 ελκδνιον·

428 2548 559 2622 διπλοῦς
580 2550 641 2629 γάρ
664 2545 767 2624 αὐτός,
790 2555 914 2628 πνεῦμα
936 2550 1017 2631 σάρξ
1038 2571 1079 2624 τε,
1100 2547 1274 2628 τυγχάνων,

428 2652 545 2727 διττοὺς
563 2649 666 2737 ἑαυτῷ
687 2652 757 2726 τοὺς
777 2652 979 2733 δπερμάχους
998 2654 1125 2735 γράφει,

427 2760 470 2843 τῷ
491 2760 551 2839 μὲν
571 2759 605 2819 τδ
628 2763 731 2837 σῶμα,
750 2759 793 2842 τῷ
816 2756 852 2819 δὲ
872 2757 928 2839 τὴν
949 2757 1058 2840 ψυχὴν
1079 2758 1193 2837 νέμων.

343 2967 413 3035 66.
436 2963 493 3037 Εἰς
513 2965 583 3026 τινά
605 2965 780 3047 τιμηθέντα
802 2963 965 3047 ἐξαίφνης.

276 3063 286 3085 ’
386 3072 403 3135 1
429 3065 667 3151 Μυστοχράφος
686 3071 766 3148 χθὲς
787 3066 911 3151 εὐχενῆς
931 3071 1071 3144 νεανίας,

426 3176 481 3235 καλ
502 3173 637 3254 σήμερον
658 3169 809 3254 πάρεσαν
830 3172 969 3254 έξάκτωρ
991 3174 1071 3247 νέος.

427 3279 461 3340 τὰ
483 3280 543 3357 μὲν
564 3276 744 3357 παρῆλθεν,
768 3275 850 3338 άλλο
872 3276 901 3338 δ’
925 3273 1026 3360 ἦλθεν
1047 3273 1189 3357 άθρδον.

427 3386 481 3443 καὶ
503 3384 589 3445 τοῦτο
612 3380 641 3442 δ’
664 3378 761 3454 αὖθις
781 3376 907 3461 μακράν
928 3377 966 3444 οὗ
987 3391 1078 3461 μενετ
1096 3382 1222 3461 χρόνον.

385 3486 406 3551 5
428 3483 578 3566 άπῆλδεν
599 3481 616 3568 ἦ
639 3487 728 3563 χθές,
751 3481 768 3568 ἢ
792 3483 821 3546 δ’
844 3484 999 3546 ένεστῶσα
1020 3486 1128 3565 τρέχει.

427 3594 481 3650 καὶ
502 3589 556 3670 τὴν
578 3594 744 3669 παροῦσαν
767 3589 880 3670 αὔριον
900 3590 980 3666 χθές
1001 3610 1046 3661 τις
1067 3585 1201 3668 φράσεις

428 3689 598 3755 κάνταῦθα
619 3695 724 3754 τοίνυν
744 3696 801 3755 νίν
821 3695 881 3772 μὲν
902 3691 1042 3771 έξάκτωρ
1068 3692 1170 3774 φίλος,

428 3795 522 3870 δείξει
545 3796 580 3857 δὲ
600 3801 708 3860 τοῦτον
730 3794 811 3858 ἄλλο
833 3819 860 3858 τι
881 3794 995 3876 χρόνος
1014 3794 1104 3874 τάχα.

427 3910 496 3972 ταῖς
517 3898 660 3981 κλήσεσιν
682 3899 712 3962 δ’
734 3899 842 3964 ἔπειτα
865 3901 1122 3980 συχκατασβέσει·

366 4006 407 4070 10
427 4006 567 4070 τοιοῦτόν
587 4004 649 4067 έστι
672 4005 795 4068 πάντά
818 3999 941 4087 θνητόν
962 4007 1017 4064 καὶ
1038 4000 1113 4086 ῥέον
1137 4040 1175 4051 -

429 4109 501 4171 σκιά
524 4109 708 4190 κρατούσαις
730 4112 833 4188 χερσὶν
856 4104 894 4170 οὐ
915 4110 1119 4190 κρατουμένη.

427 4217 471 4287 τίς
493 4210 548 4278 οὖν
570 4216 808 4296 παρατρέχοντα
830 4209 908 4295 δοῦν
929 4210 1162 4292 παραδράμοις

343 4423 411 4490 67.
433 4421 489 4495 Είς
510 4422 625 4504 τάφον.

387 4531 403 4592 l
430 4533 544 4599 Κοινός
564 4526 659 4606 τριῶν
680 4521 723 4598 είς
745 4522 907 4606 φιλτάτων
927 4519 1016 4596 οὗτος
1036 4523 1148 4604 τάφος.

426 4630 533 4713 μηδεὶς
556 4629 591 4692 δὲ
613 4632 667 4690 καλ
688 4630 831 4709 τέταρτον
854 4626 955 4690 ἄλλον
976 4626 1125 4706 έμβάλοι·

427 4738 489 4810 έξει
511 4738 571 4814 γάρ
594 4728 692 4806 οὗτος,
714 4731 750 4805 ὅς
771 4754 815 4805 τις
837 4731 883 4793 άν
905 4750 968 4794 που
990 4735 1044 4793 καὶ
1064 4732 1159 4811 τύχοι,

427 4840 542 4923 τδλμης
564 4837 703 4921 άμυτβὴν
724 4836 780 4920 τὴν
801 4840 883 4902 θεοῦ
903 4840 1034 4920 φρικτὴν
1055 4837 1153 4920 δίκην.

1721 2334 1894 2403 οΜΜῴ
