4560 6172
499 435 564 500 140
2004 435 2086 503 181

496 605 680 687 οἰκοδομάς,
714 609 768 667 καί
789 604 844 668 διαί
866 607 901 668 τό
924 607 1035 689 περιόν
1056 610 1108 690 τής
1131 605 1348 689 λαμπρότητος
1370 603 1521 680 α’παξιῶν
1541 607 1602 686 μὲν
1624 602 1730 686 ῶσπερ
1752 606 1807 688 τήν
1828 609 1895 689 γήν,
1919 605 2089 687 αἰρόμενος

495 709 532 774 δὲ
562 714 617 771 καλ
647 706 831 790 άνατρέχων
852 706 886 774 εὐ
905 710 999 790 μάλα
1020 710 1101 791 πρός
1122 710 1177 772 τόν
1207 709 1348 792 ὕπερθεν
1377 703 1529 791 οὐρανόν,
1560 705 1638 791 όλην
1666 712 1726 789 μὲν
1754 708 1848 771 ἔνδον
1882 709 2003 790 δέχεται
2033 713 2088 794 τήν

496 815 623 877 ἐκεῖθεν
646 812 777 897 ήμέραν,
810 812 888 897 όλην
911 813 946 876 δὲ
968 813 1126 893 λαμβάνει
1149 818 1204 897 τήν
1226 816 1384 890 κάτωθεν,
1412 814 1447 889 ἐξ
1468 811 1610 894 άπείρων
1633 812 1817 893 λαμπάδων
1837 837 1869 876 τε
1891 819 1944 875 καὶ
1966 814 2088 895 λύχνων

494 917 729 1001 ἀναπτομένην,
765 921 819 979 καί
843 917 974 991 διπλαῖς
994 915 1195 1001 ἑκατέρωθεν
1216 917 1331 995 αὐγαῖς
1354 917 1604 1001 πυρσευόμενος,
1641 920 1695 978 καὶ
1723 915 1816 991 αὐτός
1838 915 1911 992 ὅλος
1933 917 1993 1001 ήδη
2016 922 2087 1000 φῶς

494 1020 678 1105 αὐτόχρημα
701 1020 876 1096 δείκνυται,
908 1021 992 1105 πλήν
1020 1021 1098 1085 ὅσον
1127 1022 1182 1086 οὐκ
1212 1022 1252 1103 ἐᾷ
1284 1025 1338 1086 τόν
1360 1021 1443 1102 άέρα
1466 1024 1624 1104 καθαρῶς
1645 1019 1792 1102 δρᾶσθαι
1816 1026 1869 1083 καὶ
1891 1021 2030 1099 διαυγῶς
2051 1047 2086 1084 το

495 1131 582 1206 παχῦ
603 1127 691 1189 τοῦτο
712 1128 811 1206 νέφος
831 1131 894 1187 τῶν
914 1125 950 1201 ἐξ
972 1125 1152 1208 ἀρωμάτων
1173 1127 1219 1200 είς
1239 1127 1324 1209 ὕφος
1346 1124 1593 1207 ἀναδιδομένων
1616 1121 1739 1206 ὐτμῶν·
1773 1122 1790 1186 ό
1814 1124 1851 1187 δὲ
1864 1129 1959 1205 μέσος
1981 1129 2085 1211 ἕστηκε

495 1229 642 1312 λαμπρός
664 1231 828 1311 λαμπρῶς,
851 1227 869 1292 ό
890 1232 990 1311 μέγας
1011 1230 1047 1293 ἐν
1068 1228 1247 1315 α’θληταῖς,
1270 1231 1287 1293 ό
1308 1233 1407 1312 μέγας
1428 1230 1464 1293 ἐν
1486 1239 1636 1308 νικηταῖς,
1658 1228 1897 1312 τροπαιοφόρος
1912 1230 2010 1304 ὅντως
2032 1236 2086 1291 καὶ

496 1336 713 1419 στεφηφόρος,
735 1332 815 1421 δόξη
842 1339 990 1423 καί,τιμή
1012 1334 1216 1422 (ψαλμικῶς*
1237 1335 1365 1418 είπεῖν,)
1388 1335 1392 1421 ή
1417 1335 1676 1414 ἐστεφανωμένος
1698 1337 1752 1394 καί
1774 1331 1942 1414 α’μήχανον
2007 1335 2085 1399 188²

497 1446 570 1504 οίαν
590 1438 799 1520 ἐνδεδυμένος
820 1437 1022 1520 εὐπρέπειαν,
1045 1437 1144 1505 ὁποῖα
1166 1441 1321 1521 νυμφίος*
1344 1437 1594 1519 ἐκπορευόμενος
1615 1437 1650 1500 ἐκ
1664 1441 1786 1500 παστοῦ
1810 1437 1908 1502 αὐτοῦ
1929 1437 2007 1518 μετά
2031 1460 2085 1501 συ-

495 1547 599 1630 βαροῦ
621 1546 675 1605 καὶ
696 1542 850 1624 σχήματος
882 1547 936 1604 καί
961 1543 1139 1626 κινήματος,
1163 1549 1217 1606 καὶ
1245 1547 1349 1628 χαίρει
1377 1546 1437 1625 μὲν
1466 1541 1679 1623 δοξαζόμενος
1699 1541 1854 1625 εὐφήμοις
1876 1552 2017 1624 φωναῖς,
2050 1550 2089 1604 αῖ

496 1660 561 1723 τοῖς
583 1648 693 1730 ὕμνοις
714 1648 845 1721 ἐκείνοις
866 1657 931 1720 τοῖς
953 1645 1129 1725 ὐγγελικοῖς
1150 1673 1180 1712 τε
1202 1653 1257 1711 καὶ
1279 1646 1437 1731 οὐρανίοις
1459 1647 1710 1727 άντιπέμπονται
1732 1645 1891 1721 κάτωθεν,
1923 1649 2026 1730 χαίρει
2049 1647 2084 1708 δὲ

497 1753 769 1836 προσκυνούμενος
791 1755 910 1824 σεπτῶς
932 1755 986 1812 καί
1007 1753 1180 1833 τιμῶμενος
1207 1753 1242 1814 ἐκ
1273 1752 1378 1837 πάσης
1404 1751 1529 1835 ήλικίας
1558 1753 1612 1813 καί
1641 1748 1767 1833 φύσεως
1796 1754 1851 1812 καὶ
1880 1752 2000 1824 παντός
2027 1751 2086 1835 ήδη

496 1861 608 1936 γένους
630 1855 743 1935 σχεδόν
764 1857 827 1918 τῶν
848 1849 900 1919 ὐπ’
923 1853 1078 1937 οὐρανόν·
1116 1854 1147 1919 ot
1170 1857 1224 1938 δὲ,
1246 1860 1327 1920 καθ’
1350 1857 1433 1939 άπερ
1455 1857 1501 1930 είς
1523 1854 1694 1939 πάνδημον
1717 1858 1771 1915 καὶ
1793 1855 1903 1916 κοινόν
1925 1854 2087 1939 εὐεργέτην

498 1961 690 2044 παμπληθεί
712 1983 742 2021 τε
763 1962 922 2043 προσίασι,
944 1964 999 2021 καὶ
1020 1963 1272 2044 προσπίπτουσιν
1294 1959 1364 2041 ἅμα
1385 1960 1526 2040 βασιλεῖς
1546 1966 1600 2043 τής
1621 1965 1676 2044 γής
1699 1965 1752 2022 καὶ
1773 1957 1890 2032 πάντες
1912 1959 2003 2035 λαοί,
2025 1960 2086 2041 ἅρ-

497 2089 602 2148 χοντες
624 2069 678 2126 καὶ
700 2064 816 2136 πάντες
837 2067 939 2144 κριταὶ
959 2066 1042 2147 γής*.

587 2167 676 2231 9άλλ’
698 2168 743 2241 είς
765 2167 866 2229 καλὸν
886 2165 962 2251 ήμῖν
984 2168 1113 2252 ήκουσιν
1135 2169 1166 2232 oz
1187 2171 1328 2249 βασιλεῖς
1356 2171 1401 2242 εἷς
1427 2170 1482 2231 τόν
1511 2169 1617 2245 λόγον,
1649 2169 1775 2247 μᾶλλον
1804 2167 1838 2228 δὲ
1868 2171 1901 2228 τό
1933 2168 2084 2230 ἐντεῦθεν

498 2274 603 2346 καλῶς
624 2270 713 2336 αὐτοὶ
734 2276 789 2332 καί
808 2277 861 2334 τὸν
883 2272 981 2350 λόγον
1012 2272 1057 2346 ῶς
1085 2275 1141 2335 τόν
1173 2272 1326 2349 σύλλογον
1353 2276 1461 2337 τοῦτον
1488 2271 1775 2351 ὑποδεχέσθωσαν·
1805 2277 1896 2335 τοῦτο
1924 2273 1986 2351 γδρ
2010 2269 2085 2353 ήμῒν

497 2380 663 2459 ἐξαιρέτως
694 2380 747 2459 τής
777 2375 884 2459 ἑορτῆς
911 2379 944 2439 τό
974 2379 1217 2460 λαμπρότατον,
1249 2382 1337 2442 τοῦτο
1366 2381 1422 2438 καί
1448 2381 1501 2459 τής
1530 2378 1665 2460 σήμερον
1694 2375 1832 2456 μάλιστα
1862 2379 1895 2437 τό
1918 2379 2007 2458 παρά
2029 2382 2086 2460 τήν

412 2548 415 2553 ,
498 2487 578 2564 χθὲς
599 2481 826 2563 πλεονέκτημα,
860 2480 907 2542 ότι
928 2480 1069 2560 βασιλεῖς
1092 2481 1310 2563 φιλοχρίστους
1332 2479 1411 2545 οὕτω
1434 2486 1488 2542 καὶ
1510 2481 1752 2563 φιλυμάρτυρας
1772 2479 1927 2561 ἐξάρχους
1949 2481 2010 2559 ἔχει
2033 2487 2088 2544 καὶ

498 2585 661 2670 χορηγούς,
684 2583 730 2658 οίς
753 2585 757 2670 ή
782 2583 913 2646 πολλῶν
934 2582 1142 2667 ὑπαρχόντων
1163 2584 1303 2662 α’γαθῶν
1325 2585 1361 2648 ἐκ
1374 2588 1455 2649 θεοῦ
1474 2586 1508 2647 τό
1528 2588 1672 2665 μέγιστον
1688 2584 1817 2647 πάντων
1839 2583 1943 2666 ήπερὶ
2008 2587 2086 2650 189¹

498 2692 621 2755 ἐκεῖνον
642 2688 860 2771 εὐγνωμοσύνη
882 2692 936 2749 καί
964 2691 998 2753 τό
1026 2688 1107 2773 πρὸς
1133 2688 1296 2769 εὐσέβειαν
1322 2687 1462 2771 γνήσιον,
1492 2685 1528 2771 ής
1561 2687 1718 2772 αὐτάρκης
1748 2686 1931 2763 ῶπόδειξις,
1965 2692 2026 2750 κῶν
2058 2690 2089 2751 εί

499 2795 599 2879 μηδὲν
622 2792 705 2877 ῦπήν
727 2795 842 2874 ἕτερον,
863 2795 901 2854 τό
925 2796 982 2857 νῦν
1004 2793 1224 2875 θεωρούμενα.

589 2896 730 2981 ῑθἍρον*
752 2899 858 2959 τοίνυν
878 2897 982 2983 κύκλῳ
1003 2898 1073 2970 τούς
1095 2897 1292 2980 όφθαλμούς
1314 2913 1382 2973 σου,
1404 2899 1564 2977 βασιλέων
1586 2896 1839 2979 όρθοδοξότατε·
1876 2899 1913 2964 σύ
1935 2904 1996 2982 γάρ
2021 2905 2085 2964 τῶν

499 3004 669 3088 παρόντων
696 3004 875 3082 θαυμάτων
903 3001 1085 3074 αἰτιῶτατος
1111 3002 1268 3081 μάλιστα·
1301 3007 1355 3063 καί
1382 3002 1431 3064 ίδε
1458 3007 1530 3086 περὶ
1562 3007 1596 3064 σὲ
1626 3005 1837 3085 συνηγμένους
1869 3004 1995 3078 πάντας
2023 3003 2083 3088 ήδη

498 3111 613 3190 μικροῦ
634 3107 703 3178 τούς
725 3103 787 3168 ὐπδ
809 3109 864 3188 τήν
885 3116 975 3188 χεῖρα
996 3108 1050 3188 τήν
1072 3106 1148 3189 σήν·
1178 3105 1359 3187 πρόσσχες*,
1389 3105 1407 3169 ό
1439 3111 1620 3188 ποιμαίνων
1650 3109 1704 3168 τόν
1732 3105 1876 3169 ἐκλεκτόν
1896 3107 2031 3191 Ἰσραήλ,
2066 3107 2086 3172 ό

499 3212 625 3292 ὁδηγῶν
654 3208 727 3272 ῶσεὶ
756 3210 902 3290 πρόβατα
930 3211 985 3275 τόν
1007 3210 1109 3292 βαρύν
1132 3225 1189 3272 σου
1210 3213 1315 3275 τοῦτον
1338 3208 1435 3273 λαόν·
1469 3209 1641 3291 κατάμαθε
1663 3216 1697 3273 τό
1720 3210 1848 3294 πλῆθος
1870 3209 2002 3289 ὁπόσον,
2033 3216 2088 3296 τήν

499 3315 648 3392 εὐταξίαν
670 3311 787 3396 ήλίκη*,
810 3315 864 3395 τήν
885 3310 1029 3396 ύπακοήν
1051 3312 1095 3388 ῶς
1115 3312 1272 3390 ἑκούσιος,
1307 3317 1344 3376 τό
1374 3317 1470 3394 σέβας
1498 3313 1542 3388 ῶς
1573 3311 1867 3399 ὑπεράνθρωπον,
1897 3316 1930 3380 τὸ
1955 3318 2087 3402 φίλτρον

500 3423 544 3495 ῶς
565 3417 772 3483 ἐνδιάθετον·
805 3419 920 3491 πάντες
948 3414 1032 3483 οὗτοι
1062 3422 1262 3500 συντρέχουσι
1293 3423 1387 3482 ποσὶν
1416 3417 1606 3497 αὐτομάτοις
1635 3420 1689 3483 ἐπὶ
1717 3423 1773 3502 τήν
1795 3423 1881 3482 Σιῶν
1902 3421 1957 3504 τήν
1979 3419 2087 3500 όγίαν,

499 3527 554 3609 τήν
577 3525 690 3606 πιστήν
710 3521 1047 3606 μητρόπολινταύτην,
1069 3522 1125 3606 τήν
1140 3521 1347 3606 Ἰερουσαλήμ
1369 3539 1425 3586 σου
1447 3525 1502 3605 τήν
1524 3526 1611 3599 νέαν,
1645 3519 1681 3607 ής
1703 3525 1781 3598 θεός
1803 3547 1834 3586 τε
1855 3529 1909 3586 καὶ
1931 3528 1969 3589 σύ
1993 3526 2087 3610 δημι-

501 3633 610 3712 ουργοὶ
631 3631 685 3689 καὶ
706 3636 850 3706 τεχνῖται,
874 3624 932 3709 ὐφ’
954 3625 991 3710 ής
1012 3626 1221 3702 ἐξελεύσεται*
1244 3627 1428 3709 δικαιοσύνη
1451 3630 1505 3690 καί
1527 3630 1634 3709 νόμος,
1657 3630 1695 3691 τά
1718 3631 1794 3709 παρ’
1817 3627 1897 3718 αὐτή
1911 3630 2016 3705 καλῶς
2038 3631 2088 3694 δι-

502 3734 685 3813 δασκόμενα
706 3729 761 3792 διδ
784 3735 819 3792 σὲ
840 3738 894 3791 καὶ
914 3734 1176 3815 μαθητευόμενα,
1208 3731 1335 3811 μᾶλλον
1366 3732 1401 3795 δὲ
1428 3733 1492 3814 πρό
1520 3755 1554 3808 γε
1584 3737 1695 3797 τούτου
1719 3734 1723 3820 1
1744 3736 1782 3796 τό
1805 3733 1858 3796 ἐπί
1879 3739 1943 3798 τῶν
2010 3738 2088 3803 189²

502 3839 651 3920 πράξεων
673 3836 934 3919 καταρθούμενα,
966 3838 1005 3921 ήν
1027 3835 1120 3909 αὐτός
1140 3836 1325 3919 ἐστερέωσεν
1357 3835 1375 3900 ό
1403 3841 1558 3899 κατοικῶν
1586 3837 1623 3898 ἐν
1645 3836 1741 3926 αὐτῇ·
1778 3838 1795 3901 ό
1827 3842 1922 3912 θεός*
1945 3842 2087 3927 ἐνμέσῳ

501 3942 614 4021 αὐτῆς,
647 3946 701 4003 καὶ
723 3939 759 4005 οὐ
781 3937 1034 4024 σαλευθήσεται,
1069 3941 1087 4004 ό
1110 3942 1329 4022 θεμελιώσας*
1356 3947 1410 4003 καὶ
1439 3944 1552 4024 ταύτην
1575 3940 1615 4015 ῶς
1636 3946 1692 4025 τήν
1712 3947 1771 4024 γήν
1792 3943 1845 4005 ἐπί
1866 3947 1929 4007 τῶν
1950 3945 2087 4022 ὑδάτων,

502 4052 619 4130 θαῦμα
640 4051 700 4130 μὲν
721 4057 785 4119 τοῖς
807 4043 921 4129 δρῶσι,
955 4049 1070 4127 θαῦμα
1101 4046 1136 4109 δὲ
1165 4057 1230 4122 τοῖς
1258 4045 1431 4122 ἀκούουσι,
1463 4047 1562 4109 πόλιν
1592 4047 1670 4130 ὅλην
1702 4052 1859 4130 μετέωρον
1887 4055 2001 4132 μικροε·
2035 4059 2089 4114 καὶ

502 4155 623 4237 άέριον,
658 4153 687 4214 εί
713 4151 757 4233 μή
787 4171 851 4214 που
872 4153 986 4232 βραχεῖ
1005 4154 1065 4213 τινί
1085 4153 1173 4233 μέρει
1203 4155 1256 4234 τής
1286 4150 1455 4234 θαλάσσης
1486 4150 1661 4236 ἐφάπτεται
1695 4157 1750 4214 καὶ
1775 4156 1957 4240 βραχυτέρῳ
1988 4157 2091 4219 πάλιν

500 4261 554 4344 τότ
575 4263 640 4339 κός.

592 4360 715 4444 11Αὐτη
737 4379 787 4423 σοι
808 4360 947 4443 σήμερον
969 4359 1078 4434 ξενίζει
1100 4359 1172 4433 τούς
1193 4357 1353 4442 ὑπηκόους
1375 4365 1429 4422 καὶ
1449 4365 1483 4423 τδ
1513 4362 1651 4441 μέγεθος
1680 4364 1732 4445 τής
1757 4367 1812 4447 σής
1839 4362 2003 4444 ἐξουσίας,
2037 4364 2090 4448 ἐφ’

502 4467 579 4531 όσον
601 4491 632 4530 τε
653 4469 707 4528 καὶ
727 4463 804 4528 ὅσον
825 4463 918 4540 ἐστίν,
940 4462 995 4527 ὐπ’
1018 4465 1101 4546 ὄψιν
1121 4463 1265 4546 ἐναργῶς
1287 4483 1337 4527 σοι
1359 4469 1555 4549 παρίστησιν,
1578 4463 1835 4550 όσιενοχωρήτως
1855 4472 2002 4547 χωροῦσα
2023 4490 2089 4549 μυ-

502 4571 620 4655 ριάδας
640 4570 806 4645 τοσαύτας,
839 4568 946 4641 ἄλλως
974 4573 1033 4649 μέν
1055 4566 1218 4651 άορίστους
1241 4570 1337 4644 οὐσας
1358 4574 1412 4632 καὶ
1434 4568 1661 4652 α’τεκμάρτους,
1694 4570 1766 4652 άρτι
1788 4571 1825 4634 δέ
1847 4569 2091 4653 συνδραμούσας

502 4734 504 4739 “
574 4729 588 4776 8
607 4723 699 4777 Ρεείω
715 4743 730 4787 η
745 4726 759 4773 6
775 4723 780 4788 Ι
797 4727 810 4774 8
830 4721 922 4777 Psalm
935 4741 961 4786 ιη
974 4725 989 4774 6
1004 4722 1009 4790 Ι
1025 4728 1039 4774 8
1058 4721 1151 4776 Psalm
1164 4741 1218 4794 ρμη
1230 4743 1256 4775 11
1273 4723 1279 4791 1
1297 4741 1326 4774 ιο
1344 4722 1481 4790 Ιεαὶεεςη,
1496 4727 1524 4774 18
1541 4723 1546 4787 Ι
1563 4742 1593 4776 10
1610 4723 1704 4778 Psalm
1717 4729 1776 4778 αθτ
1793 4727 1797 4792 Ι
1815 4744 1845 4777 xo
1862 4724 1934 4789 ήλῖκη
1954 4724 2090 4796 Lagarde,

409 4865 411 4869 y
503 4792 518 4858 ἦ
537 4795 595 4859 δίκη
614 4793 828 4865 apographum!
847 4813 876 4847 10
892 4793 980 4848 Ιεοὶοε
999 4814 1020 4859 τ,
1039 4815 1052 4862 3
1070 4795 1074 4861 Ι
1092 4811 1121 4847 ιο
1139 4794 1232 4849 Ρεείιπ
1249 4812 1284 4864 με
1303 4800 1318 4847 6
1334 4795 1339 4860 Ι
1356 4813 1386 4847 10
1405 4793 1496 4848 Psalm
1515 4811 1550 4862 κγ
1569 4814 1583 4848 2
