4560 6172
342 508 405 570 178
1741 511 1823 576 185
1851 512 1938 580 1⁸6

344 677 401 742 διὰ
426 682 488 741 τῶν
510 679 633 761 φόβων,
656 675 674 741 ὁ
698 676 900 760 παρακαλῶν
922 677 964 752 ῶς
984 680 1027 761 μή
1050 677 1164 764 πλήξη,
1187 681 1242 739 καὶ
1264 678 1407 761 πλήττων
1428 677 1458 739 εἰ
1478 680 1521 762 μή
1542 677 1697 759 μαλάξει,
1734 690 1796 753 τοῖς
1820 679 1937 754 δεξιοῖς

345 805 377 844 τε
399 787 454 844 καὶ
475 782 591 861 χείροσι
613 786 668 842 καὶ
689 790 753 855 τοῖς
774 781 929 854 ἐναντίοις
959 778 1072 855 όπλῶς
1101 781 1280 860 οἰκονομῶν
1308 781 1341 843 τὸ
1374 779 1452 844 αἰτδ
1480 784 1535 842 καὶ
1557 782 1637 861 πρδς
1657 786 1693 844 ἓν
1714 784 1747 844 τὸ
1772 785 1939 866 συμφέρον

343 887 569 969 μηχανώμενος
592 884 740 960 ἅπαντα,
771 883 864 958 αύτδς
892 883 1075 965 παραγάγοι
1104 889 1158 946 καί
1186 888 1241 966 τήν
1262 890 1319 949 νῦν
1348 883 1485 966 άπειλήν
1507 884 1581 968 όχρι
1603 882 1728 966 φόβου,
1758 888 1812 946 καί
1832 884 1938 966 μόνον

344 992 377 1052 τὸ
401 989 509 1051 δεινόν
530 987 764 1066 ἐνδειξάμενος,
787 992 841 1050 καί
862 987 963 1049 πόλιν
984 985 1068 1070 ήμός
1090 988 1126 1075 τή
1143 985 1257 1051 ἑαυτοῦ
1267 988 1369 1068 χόρια
1385 986 1606 1068 παρακαλέσαι
1618 986 1824 1062 πλουσίως-
1849 1008 1937 1065 γενο-

341 1096 458 1174 μένους
480 1092 632 1155 ἐντεῦθεν
654 1093 979 1173 σωφρονεστέρους-
1002 1087 1020 1173 ή
1044 1087 1186 1173 άληθινή
1215 1095 1269 1152 καὶ
1296 1093 1412 1170 βεβαία
1441 1088 1640 1171 παράκλησις
1668 1093 1730 1152 τῶν
1758 1090 1804 1164 εἰς
1837 1089 1937 1154 αὐτὸν

344 1194 531 1279 η’λπικύτων.
556 1195 602 1258 ὅτι
625 1192 711 1280 αύτῷ
733 1196 846 1275 πρέπει
869 1198 959 1256 πόσα
977 1193 980 1277 A
999 1192 1089 1270 δόξα,
1112 1197 1182 1277 τιμή
1205 1197 1259 1255 καί
1280 1193 1488 1278 προσκύνησις
1509 1201 1569 1258 νῦν
1588 1198 1641 1256 καί
1663 1194 1707 1266 εἰς
1721 1194 1791 1266 τούς
1856 1195 1938 1258 251“·’

345 1299 468 1372 αἰῶνας
490 1301 552 1360 τῶν
574 1298 716 1360 αίαίνων.
760 1294 854 1377 α’μήν.

432 1404 530 1470 186.
578 1401 728 1464 Ἰωάννου
755 1403 809 1464 τοῦ
836 1398 1013 1476 άγιωτότου
1042 1400 1271 1483 μητροπολίτου
1293 1399 1457 1479 Εῦχαίτων
1486 1401 1684 1484 χαριστήριος
1706 1399 1800 1476 λόγος
1821 1399 1876 1462 ἰπὶ
1897 1404 1934 1487 τή

344 1508 534 1589 καθαιρέσει
556 1512 608 1588 τῆς
628 1504 826 1586 τυραννίδος.
858 1503 978 1587 έλέχθη
1007 1503 1043 1565 δὲ
1072 1506 1148 1584 μετό
1173 1506 1318 1586 πέμπτην
1339 1509 1401 1566 τῶν
1422 1507 1559 1586 Χριστοῦ
1581 1506 1701 1580 γεννῶν
1721 1502 1846 1587 ήμέραν
1866 1501 1936 1565 ἐνθ’.

436 1607 623 1690 1Ἔλαμφεν
653 1607 670 1691 ή
702 1609 782 1682 δόξα
811 1610 865 1670 τοῦ
897 1609 1123 1690 γεννηθέντος,
1156 1605 1303 1690 έπεφόνη
1331 1605 1352 1689 ή
1385 1606 1477 1687 χόρις
1508 1611 1561 1670 τοῦ
1593 1610 1674 1670 θεοῦ
1703 1603 1721 1688 ή
1755 1608 1934 1689 σωτήριος*,

308 1788 312 1795 .
344 1714 464 1796 γνωστή
488 1715 568 1773 πόσι
589 1714 717 1787 γέγονεν
739 1707 758 1793 ή
781 1710 914 1788 δύναμις
935 1711 989 1774 τοῦ
1009 1712 1185 1787 τεχθέντος.
1205 1708 1340 1788 Χριστός
1356 1706 1490 1793 άληθῶς
1511 1708 1547 1784 ἐξ
1568 1708 1708 1792 ούρανοῦ
1730 1711 1811 1790 πρός
1833 1709 1935 1793 ήμός·

346 1817 482 1896 Χριστος
512 1814 548 1874 ἰν
580 1811 771 1894 όνθριύποις
799 1812 853 1875 έπί
882 1817 938 1894 γής
967 1811 1132 1894 ἐμφανῶς.
1163 1810 1258 1885 αῦτύς
1285 1812 1400 1887 ὄντας,
1431 1813 1544 1896 τ’φιστε
1571 1817 1686 1897 Χριστί
1707 1812 1853 1890 βασιλεῦ,
1889 1811 1935 1884 εἰς

347 1922 503 2001 σωτηρίαν
526 1916 609 2001 ήκεις
631 1917 712 1980 λαοῦ
734 1933 807 1978 σου·
831 1920 884 1979 τοῦ
903 1920 1005 2000 σῷσαι
1016 1916 1085 1987 τοῦς
1098 1914 1239 1994 χριστούς
1254 1932 1311 1977 σου
1326 1914 1507 1998 ἐλήλυθας·
1530 1919 1671 1997 βασιλεῖς
1689 1914 1751 1998 γάρ
1767 1922 1822 1978 καὶ
1836 1915 1937 1979 πόλιν

346 2025 400 2083 καὶ
421 2021 504 2084 λαόν
526 2021 717 2101 περιούσιον,
741 2023 830 2081 τοῦτο
853 2018 892 2102 δή
914 2019 949 2081 τδ
972 2017 1065 2095 όγιον
1087 2017 1186 2090 ἔθνος
1207 2035 1275 2093 σου,
1299 2020 1331 2079 τὸ
1354 2019 1517 2097 βασίλειον
1540 2018 1741 2102 λερότευμαί,
1762 2019 1819 2102 τήν
1841 2020 1933 2094 ἐξαί-

344 2125 434 2206 ρετόν
456 2142 513 2186 σου
536 2123 759 2205 κληρονομίαν,
788 2121 823 2184 έκ
844 2121 995 2203 μεγάλων
1017 2121 1089 2202 όρτι
1111 2120 1268 2186 κινδύνων
1289 2125 1500 2206 περιεποιήσω
1522 2129 1576 2185 καὶ
1598 2126 1736 2210 έσῳσας,
1766 2124 1857 2202 ἰσχύν
1879 2123 1927 2185 δε-

346 2228 456 2299 δωκοίς
487 2236 551 2300 τοῖς
578 2226 759 2305 βασιλεῦσιν
787 2225 878 2307 ήμῶν
907 2229 962 2286 καί
991 2223 1173 2306 ιίνυφαίσας
1202 2226 1297 2303 κέρας
1325 2230 1459 2305 χριστῶν
1481 2229 1572 2291 σου*·
1607 2227 1671 2290 ἔδει
1700 2229 1762 2307 γόρ
1791 2229 1933 2291 τοιοῦτον

344 2334 516 2414 μυστήριον
542 2329 609 2393 όπύ
638 2327 788 2392 τοιούτων
817 2329 985 2408 ἄρξασθαι
1014 2331 1200 2411 προοιμίων,
1234 2333 1288 2389 καί
1315 2333 1369 2390 τοῦ
1401 2333 1452 2411 τής
1482 2330 1606 2414 εἰρήνης
1636 2333 1800 2410 τεχθέντος
1829 2330 1866 2392 έν
1893 2333 1935 2415 γή

344 2435 501 2517 βασιλέως
529 2430 626 2496 οἱονεί
656 2457 683 2494 τι
705 2432 811 2514 δῶρον
831 2431 1001 2507 γενέθλιον
1023 2429 1124 2504 εδθῦς
1144 2434 1199 2513 τήν
1220 2430 1348 2513 εἰρήνην
1369 2431 1646 2516 ἰπιβραβευθήναι
1669 2444 1733 2506 τοῖς
1755 2433 1935 2515 πράγμασι.

436 2540 533 2618 ’ν’μεθ
549 2534 671 2620 ήμῶνύ
696 2537 801 2608 θεός*.
824 2536 985 2618 παρρησίᾳ
1002 2534 1006 2618 ή
1023 2535 1179 2616 βοήσομαι
1202 2532 1288 2612 κόγῶ
1309 2537 1385 2613 μετά
1404 2534 1538 2598 Ἡσαΐου
1561 2541 1674 2613 Γνῶτε,
1695 2538 1788 2620 ἔθνη,
1855 2539 1935 2604 252ι

346 2647 399 2704 καί
422 2640 587 2724 ήιτάσθε*,
610 2639 802 2721 αἰσχύνθητε
818 2641 942 2712 πάντες,
965 2635 997 2699 οἰ
1017 2641 1178 2717 μισοῦντες
1200 2637 1292 2719 ήμός,
1317 2643 1349 2700 οί
1369 2661 1399 2699 τε
1422 2643 1498 2721 πρὶν
1520 2640 1726 2718 πολεμοῦντες
1748 2646 1802 2702 καὶ
1824 2639 1855 2702 οἰ
1877 2646 1935 2704 νῦν

346 2749 451 2818 κακῶς
473 2743 765 2823 ἐκπολεμωθέντες,
794 2737 825 2802 οἰ
846 2741 902 2822 τήν
923 2738 1023 2821 φύσιν
1045 2763 1075 2801 τε
1097 2742 1258 2823 βάρβαροι
1282 2743 1335 2800 καί
1357 2739 1388 2801 οἱ
1409 2742 1569 2822 βάρβαροι
1598 2745 1653 2824 τήν
1683 2748 1869 2827 προαίρεσιν
1903 2740 1934 2806 οἱ

348 2851 401 2909 καί
423 2847 523 2909 πλέον
545 2844 628 2928 ήμός
651 2847 671 2925 η’
692 2843 805 2907 ἐκεῖνοι
828 2844 1039 2925 λυπήσοντες,
1076 2842 1106 2904 ολ
1128 2847 1234 2906 καινοί
1255 2866 1285 2905 τε
1315 2848 1368 2904 καὶ
1390 2845 1503 2907 ότοποι
1527 2849 1588 2907 τῶν
1612 2845 1717 2925 φίλων
1739 2845 1870 2926 ἰχθροί,
1903 2843 1934 2908 οἰ

346 2950 544 3013 τῶνοίκείων
558 2947 729 3028 όλλότριοι,
752 2942 783 3009 οἰ
795 2945 954 3024 ὁμογενεῖς
969 2984 1004 2995 -
1022 2951 1076 3008 καὶ
1092 2945 1284 3027 ἀλλόφυλοι,
1307 2944 1338 3008 οἰ
1359 2943 1418 3025 ούχ
1440 2944 1580 3028 ήμέτεροι
1592 2986 1627 2997 -
1642 2951 1705 3012 κάν
1727 2948 1879 3031 ἡμέτεροι,
1902 2946 1934 3012 οἰ

347 3052 505 3135 σύμμαχοι
527 3093 569 3101 -
592 3056 646 3114 καὶ
667 3049 826 3128 πολέμιοι,
850 3047 881 3112 οἰ
904 3049 1045 3132 φύλακες
1067 3089 1109 3097 -
1132 3053 1185 3111 καὶ
1205 3049 1381 3130 ἐπίβουλοι,
1405 3056 1441 3113 τό
1463 3053 1522 3130 μὲν
1544 3052 1743 3131 νομιζόμενοι
1764 3057 1820 3114 καὶ
1841 3050 1933 3136 σ’φεί-

346 3158 451 3230 λοντες
472 3155 565 3229 εἰναι,
588 3157 626 3216 τό
649 3154 686 3217 δέ
707 3155 866 3231 γεγονότες
888 3151 941 3217 ὑπ’
963 3151 1189 3236 ἀγνωμοσύνης
1211 3176 1241 3214 τε
1264 3155 1317 3214 καὶ
1340 3154 1529 3236 σκαιότητος.

436 3258 547 3322 ³M03’
573 3257 662 3341 ήμῶν
684 3257 701 3320 δ
726 3259 839 3330 θεάς*·
862 3257 1005 3334 λεγέσθω
1027 3256 1089 3339 γὰρ
1112 3255 1213 3319 πόλιν
1235 3251 1419 3339 ὕφ’ήδονής
1440 3262 1473 3319 τδ
1490 3258 1610 3321 καλόν·
1634 3260 1711 3332 θεὸς
1733 3259 1934 3343 δικαιοσύνης

346 3368 401 3425 καὶ
424 3363 562 3438 δίκαιος,
592 3367 645 3424 καὶ
672 3361 864 3444 έκδικήσεων
892 3362 1025 3443 κύριος*,
1058 3360 1075 3423 ὁ
1098 3372 1162 3434 τοῖς
1185 3362 1406 3444 ὑπερηφάνοις
1428 3360 1707 3444 ἀντιτασσόμενος*
1730 3369 1784 3425 καὶ
1805 3376 1934 3444 ταχεῖαν

347 3465 455 3540 αὐτοῖς
470 3465 648 3539 οἰποδιδοῦς
662 3464 890 3539 όνταπόδοσιν,
913 3463 930 3525 ό
946 3464 1023 3539 τόξα
1036 3467 1208 3547 συντρίβων
1224 3461 1423 3546 ἁμαρτωλῶν
1437 3468 1491 3526 καί
1505 3468 1690 3547 βραχίονας,
1713 3471 1767 3529 καὶ
1782 3468 1936 3531 συνθλῶν

346 3569 432 3632 ῦπλα
454 3573 546 3650 βίαια
569 3573 622 3629 καὶ
646 3567 783 3648 θυρεούς
803 3571 985 3630 κατακαίων
1013 3567 1049 3629 ἐν
1072 3568 1180 3651 πυρί*,
1213 3564 1258 3640 οίς
1287 3567 1401 3630 ἐκεῖνοι
1433 3571 1669 3653 θαρρήσαντες,
1700 3570 1809 3654 ἰπειδή
1842 3571 1934 3645 ἅπαξ

347 3675 458 3759 οἴστρῳ
480 3672 653 3757 φιλαρχίας
675 3671 872 3756 ἐβλήθησαν,
904 3673 981 3752 παρ’
1004 3669 1126 3733 ἑαυτῶν
1146 3652 1357 3748 ἐβασίλευσαν
1379 3667 1467 3733 αἰτολ
1488 3676 1543 3733 καί
1564 3669 1603 3734 οιί
1626 3671 1667 3734 δι’
1690 3672 1846 3748 έκεῖνου*,
1879 3678 1934 3736 καὶ

348 3775 352 3861 l
375 3777 430 3858 τήν
451 3777 542 3860 τιμήν
565 3775 760 3855 παρανόμως
781 3773 904 3846 ἑαυτοῖς
926 3773 1037 3851 λαβεῖν
1058 3773 1227 3848 ἔσπευσαν,
1255 3775 1310 3835 τδν
1339 3772 1374 3834 δὲ
1400 3779 1610 3837 ταπεινοῦντα
1632 3779 1686 3838 καὶ
1709 3772 1789 3838 όνυ-
1856 3776 1936 3842 2522

346 3881 501 3963 ψούντα*,
523 3885 578 3942 τὸν
600 3878 773 3951 καθίζοντα
795 3877 936 3957 βασιλεῖς
956 3877 1010 3939 ἐπὶ
1032 3876 1164 3958 θρόνων
1186 3881 1240 3938 καὶ
1263 3875 1481 3960 όνυπονόητον
1502 3884 1679 3958 κοσμοῦντα
1702 3880 1745 3963 τῳ
1762 3878 1936 3962 διαδήματι

345 3981 495 4062 οὐδαμῶς
523 3983 715 4065 ἐξεζήτησαν,
750 3979 824 4042 όλλ’
846 3979 1019 4061 όρπαγμδν
1048 3980 1256 4063 ήγησόμενοι*
1285 3981 1318 4041 τό
1351 3979 1460 4061 ἄρχειν
1492 3987 1545 4044 καὶ
1567 3982 1777 4058 δυναστεύειν,
1807 3990 1937 4048 καὶτοῦ

346 4088 507 4168 τρέχοντος
528 4090 623 4150 ταῦτα
646 4090 701 4146 καὶ
723 4084 891 4155 διώκοντος
912 4083 995 4146 εἰναι
1019 4087 1039 4166 η’
1059 4087 1113 4147 τοῦ
1136 4083 1299 4157 ἐλεοῦντος
1322 4085 1420 4148 θεοῦ*
1442 4091 1496 4145 καὶ
1518 4083 1661 4159 διδόντος
1685 4084 1730 4159 εἰς
1749 4086 1839 4147 θέλει
1856 4092 1936 4168 πρός

345 4192 380 4252 τό
403 4193 493 4270 κοινή
516 4189 697 4271 συμφέρον*
718 4187 920 4263 ἐλπίσαντες,
954 4188 998 4261 εἰς
1020 4185 1220 4250 όποστασίαν
1241 4191 1301 4267 μὲν
1323 4187 1485 4270 πρότερον,
1522 4191 1586 4267 μετ’
1608 4188 1646 4253 οἰ·
1668 4189 1750 4253 πολὺ
1771 4189 1807 4251 δί
1829 4228 1872 4237 -
1903 4196 1936 4253 τῦ

346 4304 452 4373 χεῖρον
474 4331 516 4340 —-
547 4293 592 4366 εἰς
618 4291 836 4354 ἐπανάστασιν
865 4290 925 4374 ήδη
952 4291 1100 4373 φανερόν
1121 4289 1346 4374 ἐξερρόγησαν,
1381 4290 1437 4373 ὑφ’
1468 4286 1503 4372 ής
1532 4290 1688 4353 τοσούτων
1717 4290 1866 4375 ἐπλήσθη
1896 4292 1933 4355 τά

346 4402 438 4459 κοινό
461 4401 645 4478 συμφορῶν,
677 4396 720 4468 ῶς
741 4395 777 4457 έν
799 4391 896 4479 ὀλίγῳ
918 4397 978 4473 μὲν
999 4395 1104 4480 χρόνῳ
1126 4395 1163 4456 τό
1188 4393 1319 4456 πάντων
1347 4394 1517 4473 ὑπομεῖναι
1546 4395 1724 4477 βαρύτερα,
1760 4402 1877 4474 συχνοῦ
1900 4396 1937 4458 δὲ

346 4507 400 4562 καὶ
430 4501 517 4563 πάνυ
547 4503 627 4582 πρὸς
654 4499 885 4580 ἐπανόρθωσιν
914 4496 1062 4559 δεῖσθαι·
1095 4500 1185 4560 τοῦτο
1215 4499 1277 4578 γόρ
1306 4499 1340 4559 τδ
1370 4495 1551 4558 δεινότατον
1579 4491 1623 4558 ὧν
1651 4498 1713 4576 ἔχει
1736 4501 1849 4571 κακία,
1882 4505 1937 4560 καί

416 4695 579 4750 oDeoembr
592 4715 622 4763 ²9
634 4695 702 4750 anni
716 4713 775 4760 1047
789 4694 915 4765 λαφυνιλο
928 4696 931 4765 ή
946 4695 1082 4760 ιΤίῖτ,τι
1097 4695 1100 4765 Ι
1114 4715 1124 4748 1
1137 4695 1214 4777 Εξοδ
1229 4697 1288 4761 τ9,6
1300 4691 1327 4764 Ιι
1343 4693 1423 4763 Regu
1436 4710 1454 4746 α
1466 4713 1490 4758 τ,
1505 4695 1598 4820 wlff
1609 4694 1769 4760 Matth1‚23
1783 4716 1786 4761 η
1802 4713 1816 4746 2
1830 4693 1874 4747 Ιεο.
1884 4700 1907 4758 8,
1921 4715 1937 4762 9

344 4765 702 4902 {2⁸037a1112371200bffl6
721 4766 876 4834 Petroe5‚5
895 4765 1293 4835 13Psps10131’h112,⁶13
1314 4765 1458 4832 Prov8,15
1477 4767 1510 4833 Ιη
1573 4783 1700 4833 gnam
1717 4768 1721 4831 Ι
1738 4783 1751 4831 3
1771 4765 1933 4834 Rom9‚16f
