4560 6172
350 565 433 632 1¹19
1877 571 1935 635 121

347 736 475 809 κατέσχε
496 735 539 814 τῷ
561 737 633 812 περὶ
656 730 753 797 αὐτόν
776 732 938 810 θαύματι,
974 731 1016 805 ὥς
1039 731 1236 814 ἀμφοτέραις
1270 735 1339 814 ἅμα
1367 746 1437 809 ταῖς
1461 734 1567 810 τάξεσι
1600 736 1683 822 (ταῖς
1713 761 1743 798 τε
1776 735 1938 817 οὐρανίοις

347 841 427 916 φημί
451 841 504 895 καὶ
526 846 594 908 ταῖς
614 836 776 918 ἐπιγείοις)
807 831 1156 914 περισπουδάστότατον
1183 840 1289 920 χρῆμα
1317 841 1471 912 γενέσθαι
1502 844 1555 900 καὶ
1589 840 1820 922 περιμάχητον,
1854 844 1936 919 πρός

344 936 459 1010 ἑαυτάς
480 938 639 1018 ἑκατέρων
661 942 715 1000 τδν
743 938 904 1016 γεννάδαν
935 938 1158 1018 ἐφελκομένων
1189 945 1243 1002 καί
1264 945 1346 1020 μέγα
1368 947 1570 1020 ποιουμένων
1593 941 1779 1020 α’γιόνισμα,
1815 945 1934 1022 ποτέρα

345 1044 400 1122 τὴν
432 1039 543 1121 ἑτέραν
578 1041 768 1121 προφθάσει
797 1043 830 1103 τό
864 1041 964 1101 καλὸν
989 1042 1091 1103 ἐκεῖνο
1119 1047 1174 1102 καὶ
1204 1042 1392 1122 άξιέραστον
1422 1044 1598 1123 ἁρπάσασα
1631 1043 1787 1128 βῆλραμα.
1856 1045 1934 1109 154²

346 1142 360 1180 ⁶
367 1142 522 1223 μερίζεται
544 1147 650 1205 τοίνυν
671 1154 740 1215 ταῖς
762 1144 852 1204 δυσὶν
873 1143 1053 1219 α’ναλόγως,
1078 1144 1120 1217 ως
1143 1149 1186 1227 τῷ
1209 1146 1332 1229 πλούτῳ
1355 1150 1418 1208 ταῖν
1440 1146 1561 1228 άρετοίν
1581 1152 1643 1209 τάν
1664 1145 1796 1233 ἑκατέρᾳ
1812 1147 1931 1208 καταλ-

346 1244 454 1325 ληλων
476 1251 528 1305 καί
551 1245 665 1325 φίλων,
689 1252 742 1307 καί
765 1244 962 1325 άμφοτέραις
984 1248 1065 1322 ἔχων
1087 1248 1207 1328 άρκεῖν,
1239 1253 1292 1308 καὶ
1313 1252 1350 1336 τη·
1371 1252 1431 1328 μὲν
1453 1251 1536 1310 κάτω
1559 1252 1703 1326 στρατεία
1726 1251 1805 1310 κατά
1830 1251 1933 1329 σάρκα

347 1349 401 1409 διά
421 1351 476 1429 την
498 1346 616 1428 ῥοίμην,
646 1351 682 1432 τῇ
704 1350 773 1408 ἅνω
797 1348 832 1409 δὲ
854 1350 934 1409 κατὰ
958 1352 1082 1427 πνεῦμα
1116 1349 1169 1409 διά
1194 1352 1226 1411 τδ
1250 1353 1316 1411 κατ’
1337 1349 1448 1412 ελκόνα
1479 1352 1744 1431 στρατολογείται,
1776 1355 1809 1413 τό
1839 1353 1934 1413 0010-

346 1450 524 1529 μάντεων*
547 1451 692 1530 ἄντικρυς
715 1452 821 1524 δείξας
842 1449 896 1511 ἐπὶ
918 1454 980 1511 τάν
1001 1449 1110 1530 ἔργων,
1134 1456 1187 1511 καὶ
1210 1451 1285 1523 δοὺς
1306 1452 1420 1532 μερίδα
1443 1464 1506 1525 τοῖς
1527 1449 1605 1514 ἑπτά
1629 1456 1683 1512 καί
1704 1475 1739 1529 γε
1759 1464 1823 1524 τοῖς
1840 1452 1932 1527 όκτιό,

348 1551 432 1634 πλην
454 1550 509 1615 ούκ
532 1554 602 1634 ἴσην
624 1551 701 1615 ούδὲ
723 1549 848 1630 ὁμοίαν,
884 1551 968 1614 α’λλά
998 1563 1061 1625 τοῖς
1088 1557 1149 1631 μὲν
1178 1552 1243 1615 άπδ
1267 1556 1383 1633 μέρους
1405 1559 1459 1614 καί
1481 1554 1563 1615 κατά
1585 1575 1672 1625 τινας
1695 1558 1824 1634 καιρούς
1846 1579 1933 1616 τετα-

346 1658 497 1734 γμένους,
528 1653 622 1736 ἡνίκα
652 1659 732 1733 πρὸς
760 1654 919 1731 πολέμους
947 1661 1001 1715 καί
1031 1654 1138 1736 μάχας
1168 1659 1395 1736 στρατιωτικῶν
1422 1662 1537 1735 χειρῶν
1565 1656 1628 1719 ἔδει
1659 1662 1713 1716 καί
1744 1657 1932 1740 δραστηρίου

348 1758 462 1840 τόλμης
476 1757 652 1829 Ῥωμαίοις,
675 1766 738 1829 τοῖς
763 1755 842 1819 όκτιδ
866 1758 901 1818 δὲ
924 1760 1029 1819 πάντα
1053 1763 1106 1818 καὶ
1129 1758 1205 1820 ὅλον
1226 1760 1259 1841 (δ
1283 1758 1324 1838 δή
1343 1765 1437 1840 φασι)
1461 1762 1681 1839 προσαναθείς
1696 1757 1820 1834 ἑαυτόν,
1843 1759 1936 1821 κάκεῖ

348 1862 381 1920 τὰ
405 1858 518 1922 ἑαυτοῦ
541 1859 734 1936 πολίτευμα*
755 1860 846 1936 ἔχων,
879 1864 931 1919 καὶ
959 1859 1021 1931 ζῶν
1053 1864 1133 1938 πρὸς
1162 1859 1232 1930 τούς
1259 1860 1387 1921 ἐκεῖθεν
1417 1863 1534 1940 νόμους
1555 1867 1609 1922 καὶ
1632 1865 1687 1933 τάς
1709 1862 1860 1936 ἐλπίδας,
1886 1863 1932 1925 ὅτι

350 1966 403 2022 καὶ
426 1965 511 2025 τοῦτο
533 1960 659 2040 μᾶλλον
681 1962 760 2042 η’περ
788 1961 890 2022 ἐκεῖνο
923 1965 1073 2041 πατρικὸς
1103 1961 1188 2044 αύτῷ
1211 1962 1342 2044 κλῆρος,
1374 1962 1512 2041 εἰσεβείν
1534 1965 1570 2026 έν
1591 1965 1671 2044 ἔργῳ
1695 1969 1747 2024 καὶ
1770 1966 1856 2047 λόγῳ
1879 1970 1932 2026 καί

349 2065 448 2148 μηδὲν
477 2068 530 2146 τῆς
556 2061 660 2138 ύγιούς
688 2067 817 2135 πίστεως
847 2070 900 2123 καὶ
928 2069 991 2125 τῶν
1023 2063 1118 2146 αύτῆς
1149 2069 1279 2144 θεσμῶν
1300 2069 1503 2143 προτιθέναι.
1548 2067 1663 2149 7τοιύτη
1685 2073 1762 2140 γοῦν
1785 2071 1838 2126 καὶ
1860 2069 1932 2129 ἐπί-

350 2173 481 2248 φθονον
508 2171 542 2228 τό
574 2165 684 2240 καλόν,
718 2165 760 2238 ὥς
790 2165 840 2227 αἐί
870 2172 924 2227 καὶ
956 2171 1013 2231 νύν
1043 2172 1176 2242 γίνεται,
1207 2173 1259 2228 καὶ
1289 2166 1556 2247 οίνπστρατεύεται
1584 2172 1644 2245 μὲν
1674 2169 1692 2249 ἦ
1722 2173 1859 2251 πονηρία
1888 2170 1932 2250 τά

350 2271 481 2351 ἀγαθῷ,
506 2274 559 2329 καὶ
581 2268 752 2351 διωγμδνῆ
769 2267 899 2346 άσέβεια
922 2271 1001 2331 κατά
1014 2273 1065 2351 τῆς
1087 2269 1244 2350 εὐσεβείας
1255 2268 1427 2357 α’ναλκινεῖ·
1450 2275 1598 2351 πειρᾶται
1612 2271 1647 2332 δὲ
1663 2276 1787 2349 πρῶτον
1855 2273 1932 2336 155¹

290 2398 293 2403 ·
352 2375 456 2452 ὥσπερ
488 2374 523 2434 ἐν
549 2373 727 2452 παρατάξει
756 2373 824 2444 τούς
853 2372 1037 2452 προμάχους
1067 2370 1160 2453 αἰτῇς
1189 2372 1381 2450 καταβαλεῖν
1410 2376 1431 2454 ἢ
1459 2373 1559 2435 ἑλεῖν·
1592 2370 1628 2435 οὗ
1656 2396 1718 2452 γαρ
1749 2374 1792 2433 ἄν
1823 2373 1931 2445 ἄλλως

352 2475 444 2563 ταύτῃ
467 2473 670 2554 προχωρήσαι
691 2474 725 2534 τό
749 2475 840 2553 ἔργον
863 2481 915 2535 καὶ
938 2480 970 2535 τδ
995 2479 1203 2554 στρατήγημα.
1227 2476 1296 2536 ἐπεὶ
1319 2475 1348 2536 δ’
1370 2475 1388 2536 ό
1409 2476 1549 2555 μάλιστα
1564 2475 1694 2536 πάντων
1711 2478 1931 2555 φοβερώτατος

353 2577 429 2666 αὐτῇ
452 2583 505 2637 καὶ
528 2576 706 2648 δεινότατος
729 2571 818 2647 οὗτος
840 2574 878 2658 ἦν
901 2577 918 2637 ὃ
941 2588 1096 2651 γενναῖος,
1118 2579 1169 2640 ἐπ’
1191 2577 1288 2643 αὐτόν
1311 2577 1369 2661 ὅλη
1394 2581 1533 2659 φέρεται,
1557 2581 1610 2638 καὶ
1633 2580 1729 2658 τούτῳ
1751 2581 1806 2658 τὴν
1821 2586 1931 2640 πᾶσαν

352 2683 506 2764 ἐπαφίησι
529 2678 665 2758 δύναμιν
687 2675 730 2749 ὠς
752 2679 780 2738 εί
801 2681 853 2742 τοῦ
880 2677 1112 2760 καρτερωτάτου
1143 2679 1319 2760 κρατήσειε,
1349 2682 1404 2743 σύν
1426 2679 1532 2742 ούδενὶ
1562 2678 1676 2741 λοιπόν
1699 2679 1790 2763 πόνῳ
1821 2703 1929 2760 περιε-
1966 2695 1984 2727 θ

352 2787 469 2865 σομένη
490 2787 553 2845 τῶν
576 2782 694 2845 ἄλλων.
718 2778 735 2842 δ
758 2779 794 2842 δὲ
816 2786 960 2845 τοσοῦτον
982 2781 1089 2864 ἐδέησε
1112 2788 1192 2862 πρὸς
1213 2784 1247 2842 τό
1270 2785 1323 2845 τού
1337 2781 1483 2845 κινδύνου
1496 2784 1634 2861 μέγεθος
1656 2782 1854 2865 ἐκπλαγῆναι
1877 2790 1931 2844 καὶ

352 2884 580 2967 μαλακώτερόν
601 2907 628 2946 τι
651 2888 810 2966 φρονῆσαι
833 2886 853 2965 ηΙ
873 2885 1093 2963 ταπεινότερον
1113 2885 1239 2964 βλέψαι
1261 2889 1314 2965 τῆς
1335 2884 1371 2945 ἐν
1392 2893 1456 2956 τοῖς
1477 2884 1628 2962 πολέμοις
1650 2888 1811 2967 συνηθους
1831 2909 1931 2965 μεγα-

351 2990 550 3072 λοφροσύνης
572 2991 625 3048 καὶ
648 2992 879 3069 γενναιότητος,
911 2986 987 3047 ὥστε
1017 2987 1084 3047 δεῖν
1114 2988 1194 3061 ἔγνω
1223 2989 1302 3048 κατά
1333 2987 1404 3059 τοὺς
1426 2985 1672 3058 νεανικωτάτους
1693 2993 1755 3049 τάν
1777 2986 1930 3067 άρτστέων

351 3094 393 3174 μη
411 3090 556 3175 ἀτρεμεῖν
567 3088 662 3162 ἑστιδς
671 3090 752 3171 μηδὲ
766 3093 874 3168 μένειν
890 3090 986 3170 ἄρξαι
999 3091 1100 3172 μάχης
1112 3094 1181 3161 τούς
1195 3089 1366 3163 ἐναντίους,
1389 3088 1460 3150 ἄλλ’
1471 3087 1564 3160 αὐτὸς
1577 3088 1707 3162 ἐκείνοις
1717 3092 1930 3171 προεμβαλεῖν

351 3193 523 3267 ἐπελάσας,
546 3196 599 3253 καὶ
622 3194 765 3273 φανερόν
787 3189 892 3263 αὐτοῖς
914 3198 1104 3273 καταστῆσαι
1132 3193 1165 3253 τδ
1196 3189 1424 3272 φιλοκίνδυνόν
1452 3214 1483 3252 τε
1510 3196 1563 3273 τῆς
1589 3191 1713 3273 γναίμης
1741 3197 1795 3252 καί
1823 3193 1857 3270 τό
1878 3197 1930 3276 τῆς

351 3297 451 3380 δρμης
473 3295 702 3359 άνυπόστατον.
748 3291 854 3356 8οἷλλοὶ
871 3298 933 3374 γὰρ
948 3294 1011 3356 ἔδει
1027 3295 1153 3366 πάντως
1165 3295 1219 3355 τόν
1231 3299 1284 3354 καὶ
1298 3294 1488 3374 λατρεύοντα
1501 3293 1597 3377 Λόγῳ
1619 3301 1672 3355 καὶ
1685 3297 1930 3376 στρατευόμενον

352 3407 405 3463 καί
427 3399 506 3480 ὑπὲρ
530 3400 637 3474 Λόγου
659 3399 787 3460 τοιαῦτα
810 3396 1062 3481 πολεμη1σείοντα
1084 3397 1184 3478 μηδέν
1204 3418 1232 3456 τι
1255 3397 1403 3476 πράττειν
1424 3395 1560 3472 άλόγως,
1587 3401 1665 3475 μετά
1688 3397 1785 3473 λόγου
1852 3399 1930 3464 155²

352 3504 388 3566 δέ
411 3504 517 3566 πάντα
538 3498 719 3564 τούναντίον
750 3504 803 3560 καί
833 3499 1049 3582 διασκέψεως·
1082 3499 1164 3561 ὅθεν
1193 3500 1260 3579 ἄρα
1289 3505 1341 3559 καὶ
1370 3502 1532 3562 σκέπτεται
1562 3504 1679 3582 σκέψιν
1700 3498 1929 3585 εύλογωτάτην,

350 3612 471 3688 μηποτε
494 3605 671 3688 α’βούλητον
691 3607 738 3685 εἴη
762 3598 843 3686 θεῷ,
863 3603 943 3684 ὑπὲρ
964 3602 1002 3668 οδ
1024 3615 1077 3666 καὶ
1099 3603 1130 3666 οἳ
1151 3604 1303 3676 κίνδυνοι,
1332 3601 1350 3684 ἢ
1374 3604 1455 3683 πρὸς
1476 3603 1545 3675 τοὺς
1567 3604 1735 3678 κινδύνους
1756 3607 1929 3687 αέτομολία

351 3716 404 3771 καὶ
432 3710 465 3771 τδ
503 3709 593 3793 (δέον
619 3708 745 3784 μᾶλλον
776 3704 954 3785 ύποχωρεῖν
986 3709 1064 3768 κατά
1098 3709 1131 3768 τό
1163 3708 1333 3788 ἐπίταγμα)
1365 3704 1480 3767 ἑαυτὸν
1508 3717 1572 3778 τοῖς
1609 3706 1724 3781 δεινοῖς
1757 3709 1930 3792 ἐθελοντὴν

349 3814 539 3892 ἐπιρρῖψαι·
564 3810 645 3870 αἰτεῖ
665 3809 703 3892 δη*
726 3820 854 3891 σημεῖον
876 3815 929 3870 καί
951 3805 1039 3881 οὗτος
1061 3807 1104 3882 ὥς
1127 3809 1248 3871 Γεδεών
1263 3809 1381 3879 ἐκεῖνος
1396 3812 1430 3869 τό
1447 3810 1611 3888 πρότερον,
1634 3813 1700 3871 κατ’
1721 3808 1930 3892 Ἀλλοφύλων

348 3915 474 3997 μέλλων
497 3913 617 3993 δρμάν·
647 3912 735 3985 αἰτεῖ,
759 3917 812 3972 καὶ
836 3912 1010 3991 λαμβάνει*
1032 3917 1111 3973 κατά
1134 3913 1262 3994 γνιόμην
1284 3910 1401 3988 ὁμοίως
1423 3909 1466 3983 ὥς
1489 3911 1645 3990 ἐπεθύμει
1667 3917 1721 3972 καί
1743 3920 1776 3975 τό
1801 3926 1929 3997 σημεῖον

348 4017 392 4092 ὡς
412 4018 487 4081 λίαν
508 4020 551 4099 τῷ
571 4019 751 4097 μαρτυρικῷ
782 4020 891 4095 σκοπῷ
922 4020 1055 4094 πρέπον.
1102 4013 1174 4074 9ἐπὶ
1201 4017 1257 4094 την
1287 4013 1434 4075 παλαιὰν
1462 4015 1514 4094 τῆς
1544 4017 1656 4086 κακίας
1687 4013 1778 4098 ῥίζαν
1809 4017 1930 4100 ἐκείνην

348 4125 401 4181 καί
423 4123 479 4201 τη“ν
501 4117 627 4199 πρωτην
647 4117 756 4199 ταύτης
777 4117 958 4196 καταβολὴν
979 4117 1143 4195 α’νατρέχει
1166 4119 1209 4196 τῷ
1232 4116 1388 4195 λογισμῷ,
1422 4118 1476 4174 καὶ
1505 4117 1560 4176 τόν
1590 4115 1697 4178 δεινόν
1726 4115 1929 4197 ἀρχιτέκτονα

290 4287 300 4308 .
346 4226 409 4285 τοῖν
431 4226 539 4283 κακῶν
561 4223 672 4295 ἐννοεῖ,
693 4221 747 4299 τὴν
769 4221 848 4279 κατά
871 4222 933 4280 τῶν
955 4219 1209 4298 πρωτοπλάστων
1231 4240 1261 4280 τε
1282 4221 1427 4300 μηχανὴν
1455 4221 1509 4277 καί
1539 4223 1594 4279 τόν
1621 4220 1810 4297 κακότεγγον
1832 4220 1930 4284 δόλον

346 4330 400 4387 καὶ
422 4324 456 4387 τδ
481 4323 623 4407 πονηρόν
644 4323 783 4402 ὄργανον
804 4321 954 4400 εὐκαίρως
976 4320 1211 4396 α’ναλογίζεται·
1234 4322 1299 4383 είτα
1318 4323 1399 4400 πρὸς
1412 4320 1534 4381 ἐκεῖνον
1549 4325 1604 4402 την
1620 4321 1721 4402 ὁρμὴν
1734 4324 1930 4404 ἐπιστρέψας

347 4429 403 4491 σύν
426 4426 540 4511 δικαίῳ
563 4429 661 4506 θυμῷ
684 4424 727 4497 τίς
748 4423 928 4505 α’ρχέκακόν
950 4448 980 4486 τε
1002 4430 1055 4486 καὶ
1079 4429 1203 4505 πρῶτον
1225 4430 1279 4488 τού
1301 4423 1514 4501 α’νβρωπίνου
1538 4429 1649 4498 γένους
1670 4426 1835 4504 πολέμιον,
1859 4431 1930 4502 τούς

345 4530 504 4616 δγαλίλοδς
534 4529 703 4593 κάντούθα
734 4528 923 4605 πολεμιστάς
953 4526 1020 4588 δεῖν
1049 4526 1143 4610 ηίηἏλη
1169 4526 1390 4609 μιμήσασθαι,
1421 4530 1473 4587 καὶ
1501 4522 1544 4597 ὠς
1572 4525 1624 4608 ἐφ’
1646 4524 1786 4612 ίππότην
1854 4533 1928 4597 156ι

345 4632 523 4696 άντίπαλον
554 4629 618 4704 ολος
656 4631 819 4709 πολλαχοῦ
847 4629 909 4691 κάν
943 4641 1006 4703 τοῖς
1038 4630 1133 4694 ύδασι
1164 4635 1379 4712 γεγραμμένος
1407 4627 1538 4710 δρᾶται,
1578 4628 1658 4713 άξίφ
1691 4638 1744 4692 καί
1777 4637 1929 4715 πρέποντι

343 4740 533 4821 κεχρημένος
558 4734 693 4815 ὀχήματι
723 4771 758 4782 -
793 4731 956 4813 ὠσπεροῦν
984 4734 1148 4816 οίκητηρίῳ
1180 4735 1214 4796 κδ
1247 4734 1369 4807 πάλαι,
1399 4739 1453 4795 καὶ
1483 4737 1540 4793 νῦν
1571 4730 1607 4794 δέ
1636 4733 1792 4808 πολλάκις
1817 4775 1848 4783 -
1886 4742 1929 4820 τῷ

413 4859 630 4913 6ΕοοΙοείκε1οο
650 4855 907 4925 ιι,τΙίΡ1]ἰΙίρρ
926 4877 949 4925 3,
968 4858 1120 4925 τοΙῖΙιιδ
1139 4863 1162 4923 6,
1182 4857 1375 4925 ςέΙδΜτῖλὶι
1393 4860 1449 4921 7,8

1568 4967 1611 5028 16
