4560 6172
342 563 428 630 1⁸8
1867 562 1930 627 203

431 731 534 811 ιΠερὶ
556 733 666 814 ταύτης
688 756 723 810 γε
743 735 866 812 μέντοι,
899 735 969 813 περί
1000 731 1111 815 ταύτης
1139 738 1192 815 τής
1220 732 1454 814 φιλυμάρτυρος
1483 733 1621 810 ἔγνωμεν
1649 730 1744 798 ούὸέν
1765 755 1793 794 τι
1816 734 1930 811 σαφές.

343 833 414 896 ἀλλ’
437 834 484 896 ὁτι
505 837 564 914 μέν
587 833 724 914 Εύσεβία
746 838 800 916 τήν
822 834 933 916 κλήσιν
955 835 972 915 ή
995 840 1139 917 μακαρία
1161 840 1215 897 καί
1238 833 1281 908 ιὸς
1298 837 1494 919 φερωνύμως
1509 833 1566 897 ούκ
1582 835 1690 908 άλλως
1716 833 1929 921 (εὐσεβεστάτη

342 940 402 1018 γάρ
432 939 606 1021 γυναικοῖν)
637 937 716 1001 αύτό
743 962 772 1000 τε
801 945 889 1000 τοῦτο
918 940 952 1001 τὸ
982 940 1092 1023 ταύτης
1122 939 1295 1001 ίὸιαίτατον
1321 939 1485 1018 γνώρισμα
1508 934 1526 1019 ή
1549 942 1621 1019 περί
1642 940 1711 1025 τούς
1733 938 1879 1019 ἀθλητάς
1901 960 1932 1000 τε

343 1043 396 1100 καί
417 1038 582 1121 μάρτυρας
604 1041 726 1124 σπουδή
751 1045 803 1102 καί
824 1043 956 1122 τιμή-
978 1046 1075 1103 ταῦτα
1099 1043 1187 1123 παρά
1212 1046 1310 1103 πᾶσιν
1331 1039 1444 1114 ὁπλῶς
1465 1042 1720 1124 συνωμολόγηται
1748 1045 1801 1104 καὶ
1823 1040 1930 1102 διατε-

344 1143 500 1225 θρύληται
527 1149 581 1204 καί
610 1143 733 1216 πολλοῖς
763 1145 971 1223 πανταχόθεν
1000 1143 1060 1223 ἔχει
1092 1148 1147 1216 τὰς
1179 1142 1375 1219 ἀποδείξεις·
1408 1147 1453 1216 τίς
1483 1144 1518 1206 δέ
1547 1148 1601 1206 καί
1623 1143 1732 1206 πόθεν
1753 1148 1808 1225 τήν
1830 1142 1931 1223 ἀρχήν

341 1249 493 1327 γενομένη
518 1251 570 1306 καί
591 1248 685 1309 τίνων
708 1250 797 1327 φύσα
821 1249 967 1327 πατέρων
989 1250 1008 1328 ή
1030 1251 1125 1319 ποίας
1147 1245 1326 1328 ὁρμηθεῖσα
1350 1246 1503 1329 πατρίδος
1524 1257 1588 1320 τοῖς
1610 1250 1688 1309 καθ’
1708 1247 1791 1328 ἡμᾶς
1812 1247 1931 1318 τούτοις

342 1349 452 1421 τύποις
474 1349 684 1430 ἐπεχωρίασε,
716 1355 768 1409 καὶ
791 1348 935 1422 ποταπὸς
956 1346 972 1411 ὁ
997 1349 1113 1431 τρόπος
1144 1355 1197 1411 καὶ
1219 1349 1328 1425 λόγος,
1361 1352 1415 1431 τήν
1438 1349 1544 1431 ἐντελή
1568 1350 1699 1432 διέφυγε
1718 1356 1845 1425 γνοῦσιν,
1876 1355 1931 1411 καί

342 1450 438 1514 οῦδὲν
461 1452 519 1526 ὁ,τι
542 1455 658 1517 τούτων
680 1462 743 1524 τοῖς
770 1457 841 1531 περί
872 1451 968 1533 αύτής
997 1451 1144 1517 ὁπωσοῦν
1175 1476 1201 1514 τι
1224 1455 1454 1534 σημηναμένοις
1485 1450 1670 1535 ήκρίβωται,
1702 1455 1737 1529 ἐξ
1766 1450 1811 1515 τόν
1841 1450 1932 1535 ήμεῖς

342 1556 437 1635 δήμως
466 1552 563 1617 ολονεί
587 1577 673 1627 τινας
702 1557 791 1627 σκιάς
820 1553 967 1633 ἀμυδράς
997 1557 1033 1615 τά
1058 1556 1124 1616 κατ’
1153 1552 1249 1635 αύτήν
1279 1555 1444 1636 σποράδην
1466 1553 1716 1633 ἀναλεξάμενοι,
1751 1555 1789 1620 ού
1852 1558 1929 1622 293ι

343 1661 533 1737 θαυμαστόν
560 1658 590 1719 ελ
617 1661 660 1741 μή
692 1657 795 1738 πάντη
824 1663 878 1739 τήν
899 1658 1072 1739 ἐμφέρειαν
1095 1655 1307 1742 ἀποσηίσομεν
1328 1662 1364 1745 τή
1386 1662 1438 1739 τής
1466 1656 1556 1730 ὁσίας
1579 1658 1679 1723 είκόνι
1710 1660 1783 1743 μηδ’
1805 1661 1850 1733 είς
1876 1665 1930 1742 τήν

343 1763 428 1837 ἄγαν
451 1758 616 1841 ἀκρίβειαν
638 1763 671 1822 τό
694 1761 786 1840 ἔργον
808 1761 979 1840 ἐξοίσομεν,
1010 1759 1082 1821 ἀλλ’
1105 1760 1270 1843 ἀγαπητόν
1296 1763 1376 1840 τάχα
1398 1763 1534 1840 μᾶλλον,
1563 1764 1593 1826 εί
1615 1769 1667 1825 καὶ
1688 1766 1818 1843 μετρίως
1840 1762 1930 1824 εέκά-

335 1883 449 1942 ευμεν,
480 1863 515 1936 ἐξ
544 1863 641 1936 οὕτως
663 1863 814 1945 ἐξιτήλων
836 1865 1010 1944 χρωμάτων
1031 1863 1170 1944 γράφειν
1192 1864 1392 1944 ὁρμήσαντες.
1424 1865 1510 1927 ἀλλά
1534 1869 1578 1939 τίς
1599 1865 1618 1950 ή
1640 1871 1751 1948 γραφή
1758 1894 1770 1943 3
1800 1868 1855 1926 καί
1875 1887 1929 1943 μοι

344 1971 419 2047 πρὶν
441 1968 462 2048 ή
482 1968 648 2046 παύσομαι
671 1967 787 2042 λέγων,
819 1971 1005 2048 προσεκτέον
1034 1966 1093 2047 η’ὁη
1122 1974 1176 2028 τὸν
1205 1971 1300 2029 νοῦν·
1334 1964 1377 2039 ιὸς
1405 1967 1498 2047 τάχος
1524 1968 1625 2047 γάρὸ
1649 1969 1742 2046 λόγος
1764 1969 1929 2049 δραμεῖται

344 2073 397 2130 καί
419 2072 608 2150 συνοπτικήν
630 2068 673 2143 ιὸς
694 2069 764 2133 οίόν
786 2094 816 2132 τε
838 2071 893 2151 τήν
916 2069 1058 2151 διήγησιν
1080 2068 1282 2142 ἀνατάξεται.

430 2171 537 2254 ’Λῦτη
559 2173 724 2251 βασιλικοῦ
747 2177 806 2252 μὲν
828 2175 890 2255 ἔφυ
911 2176 1022 2248 γένους
1043 2178 1096 2233 καὶ
1118 2174 1254 2252 πρώτου,
1277 2171 1521 2254 βασιλικωτάτης
1542 2173 1577 2235 δὲ
1594 2175 1716 2247 πόλεως
1737 2181 1790 2236 καὶ
1806 2180 1931 2258 προίτης

343 2276 379 2337 ἐν
401 2272 532 2337 πόλεσι·
549 2273 652 2357 Ῥτόμη
674 2280 735 2356 γάρ
758 2276 856 2358 αύτήν
880 2277 996 2357 ήνεγκε,
1015 2275 1120 2357 Ῥοίμη
1141 2275 1234 2351 λέγω,
1263 2276 1296 2337 τὸ
1319 2279 1400 2353 μέγα
1423 2280 1477 2335 καί
1498 2275 1649 2353 ἀοίδιμον
1670 2279 1784 2357 ὄνομα,
1808 2276 1825 2360 ή
1850 2282 1929 2338 κατά

342 2380 448 2460 πάσης
469 2382 526 2459 γής
548 2383 602 2439 καὶ
625 2378 794 2464 θαλάσσης
816 2380 870 2462 τήν
893 2379 1081 2442 δυναστείαν
1103 2380 1283 2441 έκτείνασα·
1306 2378 1446 2456 βασιλεῖς
1468 2377 1503 2439 δέ
1525 2381 1681 2440 κοινωνόν
1698 2380 1784 2458 εέχον
1799 2385 1932 2457 αἳματος

342 2486 446 2560 βαβαῖ
466 2484 590 2564 πηλίκοι
610 2489 666 2543 ’καί
688 2485 783 2558 τίνες,·
813 2483 1020 2561 Μαξιμιανὸς
1042 2486 1094 2542 καὶ
1118 2486 1302 2562 Μαξιμῖνος
1332 2478 1363 2543 οἱ
1393 2483 1607 2561 φοβερώτατοι
1636 2480 1675 2546 οὐ
1698 2483 1824 2560 μᾶλλον
1850 2487 1931 2564 βαρ-

342 2584 455 2667 βάροις
477 2584 675 2667 ἀλλοφύλοις
697 2589 750 2646 καὶ
773 2585 934 2666 πολεμίοις
957 2587 977 2667 η’
998 2595 1062 2657 τοῖς
1083 2584 1147 2647 ῦπδ
1168 2596 1258 2664 χεῖρα
1280 2594 1487 2664 χριστιανοῖς,
1519 2581 1566 2645 ιὸν
1595 2585 1641 2656 είς
1671 2585 1714 2646 ἔτι
1743 2591 1797 2646 καί
1828 2590 1886 2650 νῦν
1911 2583 1929 2667 ηι

345 2687 422 2750 κατά
447 2693 510 2751 τω”ν
530 2686 742 2768 εὐσεβούντων
762 2692 864 2766 μανία
894 2693 947 2750 καί
977 2690 1014 2750 τά
1046 2689 1134 2750 δεινά
1167 2687 1359 2768 κολαστήρια
1383 2690 1499 2769 φρίκην
1520 2686 1648 2766 ἐμποιεῖ
1666 2698 1730 2759 τοῖς
1752 2686 1930 2760 ἀκούουσιν,

343 2792 380 2853 ἐν
401 2788 551 2874 ἱστορίαις
574 2793 678 2867 λόγων
698 2794 970 2872 μνημονευόμενα.
995 2793 998 2876 ή
1023 2790 1107 2852 ἀλλά
1140 2797 1195 2872 τήν
1224 2794 1374 2866 γενναίαν
1403 2789 1527 2872 ἐκείνην
1556 2791 1673 2853 τούτων
1695 2798 1786 2854 κατέ·
1854 2795 1932 2859 293²

344 2896 461 2978 πληξεν
483 2894 578 2961 οὐδὲν
599 2893 665 2960 οὐδ’
687 2895 838 2976 ἐπτόησεν
869 2894 945 2956 ούὸἔ
974 2897 1029 2956 τοῦ
1052 2895 1131 2973 πρὸς
1153 2896 1289 2973 Χριστὸν
1312 2892 1445 2974 ύφεῖναί
1465 2916 1492 2955 τι
1516 2893 1648 2974 φίλτρου
1671 2902 1872 2976 παρέπεισεν,
1895 2898 1933 2957 ὁν

344 2996 426 3060 θεὸν
448 2999 514 3080 ἀρα
535 2999 637 3077 μόνον
658 2998 692 3060 ἐκ
715 3001 861 3078 πατέρων
882 3000 985 3072 σέβειν
1005 3000 1160 3076 μαθοῦσα
1182 3001 1239 3063 σύν
1261 3000 1356 3077 πατρί
1377 3018 1409 3058 τε
1430 3000 1483 3056 καὶ
1505 2999 1672 3076 πνεύματι,
1695 3004 1750 3060 καί
1765 3004 1818 3062 τὸν
1833 3000 1933 3061 καλὸν

344 3104 454 3163 τοῦτον
476 3101 592 3183 κλήρων
614 3100 749 3180 εύτυχῶς
770 3100 897 3162 ἐκεῖθεν
919 3101 1183 3182 κληρονομήσασα
1211 3106 1288 3180 μετά
1319 3100 1462 3181 πλείστης
1490 3098 1565 3180 όσης
1592 3103 1759 3182 χρημάτων
1786 3109 1839 3164 ταὶ
1862 3127 1932 3184 κτη-

344 3205 453 3284 μάτων
474 3208 672 3284 περιουσίας,
703 3206 849 3267 τυσυῦτον
876 3201 1014 3281 ἀπέσχεν
1039 3205 1115 3287 ήτή
1138 3209 1209 3280 περὶ
1230 3205 1327 3268 ταῦτα
1351 3202 1460 3284 φειδοῖ
1479 3205 1500 3284 ή
1521 3203 1683 3276 κολάσεως
1705 3206 1799 3290 φόβῳ
1821 3228 1933 3282 γυναι-

344 3317 430 3370 κεῖον
451 3312 575 3369 παθεῖν
597 3331 624 3369 τι
646 3310 666 3389 η’
687 3309 740 3367 καὶ
763 3304 844 3377 ὅλως
867 3304 1081 3385 ἀνθρώπινον
1113 3311 1165 3364 καὶ
1188 3308 1349 3384 προέσθαι
1373 3306 1428 3386 τήν
1450 3308 1649 3382 θεοσέβειαν,
1681 3307 1757 3370 ὥστε
1786 3314 1839 3368 καί
1861 3311 1932 3381 τούς

344 3411 538 3490 ἀντιβαίνειν
559 3414 626 3474 τότε
650 3413 852 3489 θαρροῦντας
875 3414 909 3497 τῇ
932 3413 987 3469 τοῦ
1011 3411 1122 3488 καιροῦ
1144 3406 1329 3488 χαλεπότητι
1353 3410 1406 3466 καὶ
1431 3408 1537 3468 πάντα
1557 3409 1737 3489 προθύμως
1753 3413 1931 3490 πάσχοντας

343 3513 469 3595 μάλλον
493 3518 511 3595 ή
533 3513 712 3593 προδοῦναι
735 3513 768 3572 τδ
792 3514 887 3591 σέβας
910 3509 1122 3589 ἀνεχομένους
1152 3509 1214 3571 ὁπδ
1244 3511 1354 3591 ταύτης
1382 3507 1579 3592 ἀλείφεσθαι
1609 3517 1663 3573 καί
1693 3519 1930 3593 παρορμάσθαι

346 3619 426 3700 πρὸς
447 3622 516 3689 τοῦς
538 3616 680 3691 ἀγῶνας·
715 3614 792 3697 αῦτη
814 3614 885 3694 γάρ,
909 3613 984 3695 αὕτη
1006 3612 1161 3692 μάλιστα,
1184 3623 1247 3685 τοῖς
1268 3613 1418 3692 μεγάλοις
1439 3613 1571 3686 ἐκείνοις
1593 3618 1645 3696 τῆς
1667 3615 1827 3697 ἀληθείας
1849 3639 1930 3696 προ-

344 3723 460 3802 μάχοις
482 3721 646 3802 αίτιωτάτη
669 3719 789 3794 λέγεται
812 3722 1001 3798 καταστῆναι
1031 3721 1083 3798 τής
1112 3721 1183 3795 περὶ
1209 3719 1246 3778 τά
1271 3715 1359 3778 δεινά
1382 3718 1548 3795 καρτερίας
1570 3717 1603 3779 ἔκ
1625 3740 1656 3779 τε
1683 3723 1739 3780 τού
1768 3719 1931 3800 προδήλου

344 3830 397 3887 καί
421 3822 611 3906 λεληθότως,
635 3824 676 3885 δι’
699 3820 821 3902 ἑαυτῆς,
843 3821 872 3882 εί
884 3824 1001 3901 παρήν,
1024 3825 1077 3880 καί
1090 3818 1131 3881 δι’
1142 3817 1264 3898 ἑτέρων,
1285 3820 1314 3880 ελ
1328 3823 1384 3901 μή,
1407 3822 1510 3902 ἔργοις
1524 3819 1592 3900 ἅμα
1609 3825 1662 3883 καί
1678 3821 1783 3895 λόγοις
1799 3858 1833 3869 -
1849 3824 1929 3885 πᾶσι

344 3925 473 4008 τρόποις
495 3924 606 3997 ὁπλάς
621 3964 663 3973 -
686 3925 878 3988 διανιστῶσα
899 3923 1017 3995 τούτοις
1038 3927 1071 3984 τδ
1095 3921 1247 4004 φρόνημα
1269 3929 1322 3984 καὶ
1337 3925 1391 4004 τήν
1407 3927 1596 4003 προθυμίαν
1607 3925 1777 3986 ἐκκαίουσα
1801 3931 1853 3986 καὶ
1875 3927 1931 4008 τήν

345 4029 446 4112 ὁρμήν
467 4027 675 4105 ἐπιτείνουσα,
699 4029 762 4091 κάν
782 4049 834 4090 του
857 4027 1024 4114 χρήζοντας
1045 4029 1193 4088 αἴσθοιτο
1215 4027 1278 4087 κάν
1299 4047 1362 4087 που
1377 4025 1654 4112 κάμνονήταςίδοι,
1676 4031 1787 4089 πᾶσαν
1853 4030 1931 4094 294¹

346 4129 459 4195 αύτίκα
489 4136 670 4213 θεραπείαν
702 4128 926 4210 προσάγουσα,
961 4134 1072 4191 πᾶσαν
1093 4132 1202 4208 χρείαν
1231 4126 1483 4211 ἀποπληρούσα,
1511 4129 1647 4212 μηδενός
1669 4130 1858 4212 φειδομέυη,
1888 4135 1931 4214 μή

345 4237 453 4312 λόγου,
475 4238 517 4317 μή
541 4237 660 4309 πόνου,
682 4236 725 4316 μή
748 4232 933 4315 φροντίδος,
955 4234 997 4313 μή
1022 4230 1269 4313 δαπανήματος·
1301 4235 1353 4292 καὶ
1376 4231 1459 4303 ὅλως
1481 4231 1535 4294 διά
1560 4232 1689 4294 πάντων
1711 4230 1857 4312 άμάχους
1878 4241 1931 4294 καὶ

345 4339 510 4423 ἀηττήτους
532 4334 828 4417 παρασκευάζουσα.
917 4335 961 4395 ’ἀ
984 4335 1041 4401 σύν
1056 4334 1162 4398 ούδενί
1178 4335 1286 4412 δρῶσα
1303 4335 1378 4411 δέει,
1399 4332 1470 4397 ἀλλ’
1485 4334 1618 4413 εύγενιῦς
1639 4333 1697 4422 (ἀς
1713 4333 1792 4424 αύτή
1807 4340 1931 4414 πρέπον

346 4440 399 4528 η’ν)
422 4448 475 4504 καί
496 4442 696 4523 ἐλευθερίως,
720 4437 777 4501 ούκ
800 4437 930 4518 ἔμελλεν
952 4438 996 4510 είς
1013 4437 1100 4510 τέλος
1115 4439 1233 4499 λαθεῖν
1247 4436 1316 4500 τύδ’
1331 4436 1532 4520 ἀγνοηθῆναι
1548 4439 1735 4501 παντάπασι
1751 4438 1931 4521 τηλικοῦτον

344 4549 437 4629 ἔργον
458 4545 605 4626 τολμιύσα
628 4546 682 4605 καί
705 4541 802 4614 οὕτως
824 4542 974 4620 ἐκθύμως
996 4546 1049 4601 καί
1072 4542 1257 4622 φιλοπόνως
1279 4545 1359 4621 πρὸς
1379 4541 1414 4603 τὸ
1437 4545 1581 4619 συγγενὲς
1596 4546 1650 4603 καί
1663 4541 1827 4622 βασίλειον
1841 4540 1930 4605 ἀντι-

347 4653 527 4734 πράττουσα
551 4651 673 4731 κράτος.
762 4645 851 4707 *ἐπεί
873 4645 903 4706 δ’
926 4640 985 4706 ούν
1007 4642 1064 4706 οῦκ
1086 4643 1218 4718 ἔλαθεν,
1241 4643 1386 4709 ἐνταῦθα
1400 4646 1459 4706 σὸν
1474 4646 1577 4724 ἔργον,
1597 4643 1730 4725 βασιλεύ
1744 4644 1930 4721 βασιλέων*,

344 4759 397 4817 καί
417 4758 471 4838 τής
493 4757 548 4836 σής
569 4749 748 4835 εύμηχάνου
771 4755 824 4813 καὶ
846 4746 1094 4826 παντοόυνάμου
1117 4746 1293 4825 δυνάμεως,
1316 4748 1335 4831 ή
1358 4752 1410 4810 καί
1426 4747 1555 4820 λέοντας
1570 4747 1636 4810 οέόε
1650 4746 1804 4826 χαλινοῦν
1821 4769 1932 4829 παρα-

411 4897 428 4941 4
446 4875 560 4929 Τίωοίλι
579 4895 597 4928 α
616 4879 639 4943 ὁ,
659 4891 686 4939 15

1565 4967 1643 5042 26*
