<?xml version="1.0" encoding="UTF-8"?>
<!DOCTYPE html PUBLIC "-//W3C//DTD XHTML 1.0 Transitional//EN"
    "http://www.w3.org/TR/xhtml1/DTD/xhtml1-transitional.dtd">
<html xmlns="http://www.w3.org/1999/xhtml" xml:lang="en" lang="en">
 <head>
  <title>
</title>
<meta http-equiv="Content-Type" content="text/html;charset=utf-8" />
  <meta name='ocr-system' content='tesseract 3.04.00' />
  <meta name='ocr-capabilities' content='ocr_page ocr_carea ocr_par ocr_line ocrx_word'/>
</head>
<body>
  <div class='ocr_page' id='page_1' title='image "./iohanniseuchait00vatigoog_0106.png"; bbox 0 0 4560 6172; ppageno 0'>
   <div class='ocr_carea' id='block_1_1' title="bbox 1772 539 1815 604">
    <p class='ocr_par' dir='ltr' id='par_1_1' title="bbox 1772 539 1815 604">
     <span class='ocr_line' id='line_1_1' title="bbox 1772 539 1815 604; baseline 0.047 -2"><span class='ocrx_word' id='word_1_1' title='bbox 1772 539 1815 604; x_wconf 88' lang='grc'><strong><em>69</em></strong></span> 
     </span>
    </p>
   </div>
   <div class='ocr_carea' id='block_1_2' title="bbox 119 699 1879 4928">
    <p class='ocr_par' dir='ltr' id='par_1_2' title="bbox 119 699 1879 4928">
     <span class='ocr_line' id='line_1_2' title="bbox 222 699 1815 790; baseline 0.008 -32"><span class='ocrx_word' id='word_1_2' title='bbox 222 699 411 761; x_wconf 74' lang='grc' dir='ltr'><strong><em>διαθέσεσιν</em></strong></span> <span class='ocrx_word' id='word_1_3' title='bbox 433 700 483 761; x_wconf 78' lang='grc' dir='ltr'><strong><em>δεῖ</em></strong></span> <span class='ocrx_word' id='word_1_4' title='bbox 505 703 801 782; x_wconf 81' lang='grc' dir='ltr'><strong><em>συνδιατιθέμεθα,</em></strong></span> <span class='ocrx_word' id='word_1_5' title='bbox 836 706 889 764; x_wconf 83' lang='grc' dir='ltr'><strong><em>καὶ</em></strong></span> <span class='ocrx_word' id='word_1_6' title='bbox 919 703 1025 785; x_wconf 83' lang='grc' dir='ltr'><strong><em>ω’σπερ</em></strong></span> <span class='ocrx_word' id='word_1_7' title='bbox 1047 700 1082 767; x_wconf 88' lang='grc' dir='ltr'><strong><em>εύ</em></strong></span> <span class='ocrx_word' id='word_1_8' title='bbox 1103 703 1203 781; x_wconf 84' lang='grc' dir='ltr'><strong><em>ἔχοντι</em></strong></span> <span class='ocrx_word' id='word_1_9' title='bbox 1232 706 1475 782; x_wconf 88' lang='grc' dir='ltr'><strong><em>ουνευεκτούμεν</em></strong></span> <span class='ocrx_word' id='word_1_10' title='bbox 1497 701 1540 779; x_wconf 80' lang='grc' dir='ltr'><strong><em>ὥς</em></strong></span> <span class='ocrx_word' id='word_1_11' title='bbox 1566 709 1703 790; x_wconf 77' lang='grc' dir='ltr'><strong><em>εἴρηται,</em></strong></span> <span class='ocrx_word' id='word_1_12' title='bbox 1736 707 1815 773; x_wconf 76' lang='grc' dir='ltr'><strong><em>οὕτω</em></strong></span> 
     </span>
     <span class='ocr_line' id='line_1_3' title="bbox 221 799 1816 895; baseline 0.006 -33"><span class='ocrx_word' id='word_1_13' title='bbox 221 799 404 865; x_wconf 88' lang='grc' dir='ltr'><strong><em>τούναντίον</em></strong></span> <span class='ocrx_word' id='word_1_14' title='bbox 433 805 757 884; x_wconf 88' lang='grc' dir='ltr'><strong><em>συγκακοαχούμεθα,</em></strong></span> <span class='ocrx_word' id='word_1_15' title='bbox 793 805 1018 892; x_wconf 80' lang='grc' dir='ltr'><strong><em>6θεραπεύσης</em></strong></span> <span class='ocrx_word' id='word_1_16' title='bbox 1049 804 1085 868; x_wconf 79' lang='grc' dir='ltr'><strong><em>δὲ</em></strong></span> <span class='ocrx_word' id='word_1_17' title='bbox 1118 810 1171 867; x_wconf 81' lang='grc' dir='ltr'><strong><em>καί</em></strong></span> <span class='ocrx_word' id='word_1_18' title='bbox 1204 808 1303 879; x_wconf 89' lang='grc' dir='ltr'><strong><em>θεόν,</em></strong></span> <span class='ocrx_word' id='word_1_19' title='bbox 1337 808 1392 869; x_wconf 91' lang='grc' dir='ltr'><strong><em>τύν</em></strong></span> <span class='ocrx_word' id='word_1_20' title='bbox 1421 811 1473 890; x_wconf 81' lang='grc' dir='ltr'><strong><em>τῆς</em></strong></span> <span class='ocrx_word' id='word_1_21' title='bbox 1503 813 1558 890; x_wconf 88' lang='grc' dir='ltr'><strong><em>σής</em></strong></span> <span class='ocrx_word' id='word_1_22' title='bbox 1580 815 1733 895; x_wconf 72' lang='grc' dir='ltr'><strong><em>σωτηρίας</em></strong></span> <span class='ocrx_word' id='word_1_23' title='bbox 1763 817 1816 874; x_wconf 82' lang='grc' dir='ltr'><strong><em>καί</em></strong></span> 
     </span>
     <span class='ocr_line' id='line_1_4' title="bbox 221 907 1815 992; baseline 0.007 -24"><span class='ocrx_word' id='word_1_24' title='bbox 221 907 385 982; x_wconf 73' lang='grc' dir='ltr'><strong><em>βασιλείας</em></strong></span> <span class='ocrx_word' id='word_1_25' title='bbox 407 915 602 992; x_wconf 72' lang='grc' dir='ltr'><strong><em>προστάτην,</em></strong></span> <span class='ocrx_word' id='word_1_26' title='bbox 632 910 668 983; x_wconf 83' lang='grc' dir='ltr'><strong><em>ύς</em></strong></span> <span class='ocrx_word' id='word_1_27' title='bbox 688 909 822 983; x_wconf 76' lang='grc' dir='ltr'><strong><em>ὑπέταξε</em></strong></span> <span class='ocrx_word' id='word_1_28' title='bbox 845 910 968 982; x_wconf 91' lang='grc' dir='ltr'><strong><em>πάντας</em></strong></span> <span class='ocrx_word' id='word_1_29' title='bbox 989 910 1058 982; x_wconf 87' lang='grc' dir='ltr'><strong><em>τούς</em></strong></span> <span class='ocrx_word' id='word_1_30' title='bbox 1087 909 1340 982; x_wconf 88' lang='grc' dir='ltr'><strong><em>άποστατούντας</em></strong></span> <span class='ocrx_word' id='word_1_31' title='bbox 1373 910 1434 977; x_wconf 87' lang='grc' dir='ltr'><strong><em>ύπδ</em></strong></span> <span class='ocrx_word' id='word_1_32' title='bbox 1456 915 1527 986; x_wconf 90' lang='grc' dir='ltr'><strong><em>τούς</em></strong></span> <span class='ocrx_word' id='word_1_33' title='bbox 1548 913 1653 988; x_wconf 89' lang='grc' dir='ltr'><strong><em>πόδας</em></strong></span> <span class='ocrx_word' id='word_1_34' title='bbox 1676 934 1748 991; x_wconf 92' lang='grc' dir='ltr'><strong><em>σου,</em></strong></span> <span class='ocrx_word' id='word_1_35' title='bbox 1780 916 1815 990; x_wconf 84' lang='grc' dir='ltr'><strong><em>ὃς</em></strong></span> 
     </span>
     <span class='ocr_line' id='line_1_5' title="bbox 221 1008 1816 1095; baseline 0.007 -25"><span class='ocrx_word' id='word_1_36' title='bbox 221 1008 421 1089; x_wconf 78' lang='grc' dir='ltr'><strong><em>ἀναίμακτον</em></strong></span> <span class='ocrx_word' id='word_1_37' title='bbox 443 1016 532 1095; x_wconf 85' lang='grc' dir='ltr'><strong><em>νίκην</em></strong></span> <span class='ocrx_word' id='word_1_38' title='bbox 555 1015 622 1075; x_wconf 89' lang='grc' dir='ltr'><strong><em>κατ’</em></strong></span> <span class='ocrx_word' id='word_1_39' title='bbox 645 1010 747 1077; x_wconf 79' lang='grc' dir='ltr'><strong><em>αὐτῶν</em></strong></span> <span class='ocrx_word' id='word_1_40' title='bbox 769 1031 818 1074; x_wconf 88' lang='grc' dir='ltr'><strong><em>σοι</em></strong></span> <span class='ocrx_word' id='word_1_41' title='bbox 840 1018 897 1076; x_wconf 89' lang='grc' dir='ltr'><strong><em>νύν</em></strong></span> <span class='ocrx_word' id='word_1_42' title='bbox 919 1018 1149 1093; x_wconf 89' lang='grc' dir='ltr'><strong><em>χαρισάμενος,</em></strong></span> <span class='ocrx_word' id='word_1_43' title='bbox 1181 1012 1282 1074; x_wconf 82' lang='grc' dir='ltr'><strong><em>ἄλλον</em></strong></span> <span class='ocrx_word' id='word_1_44' title='bbox 1309 1018 1369 1093; x_wconf 79' lang='grc' dir='ltr'><strong><em>μὲν</em></strong></span> <span class='ocrx_word' id='word_1_45' title='bbox 1400 1013 1517 1079; x_wconf 86' lang='grc' dir='ltr'><strong><em>ούδένα</em></strong></span> <span class='ocrx_word' id='word_1_46' title='bbox 1539 1021 1663 1094; x_wconf 84' lang='grc' dir='ltr'><strong><em>μισθὸν</em></strong></span> <span class='ocrx_word' id='word_1_47' title='bbox 1685 1018 1816 1081; x_wconf 87' lang='grc' dir='ltr'><strong><em>άπαιτεῖ</em></strong></span> 
     </span>
     <span class='ocr_line' id='line_1_6' title="bbox 222 1114 1812 1206; baseline 0.006 -31"><span class='ocrx_word' id='word_1_48' title='bbox 222 1130 256 1175; x_wconf 90' lang='grc' dir='ltr'><strong><em>σε</em></strong></span> <span class='ocrx_word' id='word_1_49' title='bbox 277 1123 329 1197; x_wconf 82' lang='grc' dir='ltr'><strong><em>της</em></strong></span> <span class='ocrx_word' id='word_1_50' title='bbox 350 1120 541 1194; x_wconf 84' lang='grc' dir='ltr'><strong><em>συμμαχίας,</em></strong></span> <span class='ocrx_word' id='word_1_51' title='bbox 564 1118 666 1199; x_wconf 91' lang='grc' dir='ltr'><strong><em>μόνην</em></strong></span> <span class='ocrx_word' id='word_1_52' title='bbox 688 1114 724 1177; x_wconf 74' lang='grc' dir='ltr'><strong><em>δὲ</em></strong></span> <span class='ocrx_word' id='word_1_53' title='bbox 746 1118 801 1196; x_wconf 83' lang='grc' dir='ltr'><strong><em>τήν</em></strong></span> <span class='ocrx_word' id='word_1_54' title='bbox 825 1119 988 1199; x_wconf 81' lang='grc' dir='ltr'><strong><em>πρᾳότητα</em></strong></span> <span class='ocrx_word' id='word_1_55' title='bbox 1010 1120 1064 1177; x_wconf 78' lang='grc' dir='ltr'><strong><em>καί</em></strong></span> <span class='ocrx_word' id='word_1_56' title='bbox 1085 1117 1141 1198; x_wconf 84' lang='grc' dir='ltr'><strong><em>τήν</em></strong></span> <span class='ocrx_word' id='word_1_57' title='bbox 1162 1120 1234 1197; x_wconf 79' lang='grc' dir='ltr'><strong><em>περὶ</em></strong></span> <span class='ocrx_word' id='word_1_58' title='bbox 1256 1117 1326 1190; x_wconf 85' lang='grc' dir='ltr'><strong><em>τούς</em></strong></span> <span class='ocrx_word' id='word_1_59' title='bbox 1348 1118 1550 1198; x_wconf 77' lang='grc' dir='ltr'><strong><em>ἁμαρτόντας</em></strong></span> <span class='ocrx_word' id='word_1_60' title='bbox 1571 1125 1812 1206; x_wconf 78' lang='grc' dir='ltr'><strong><em>μακροθυμίαν,</em></strong></span> 
     </span>
     <span class='ocr_line' id='line_1_7' title="bbox 219 1217 1811 1310; baseline 0.005 -31"><span class='ocrx_word' id='word_1_61' title='bbox 219 1217 447 1295; x_wconf 84' lang='grc' dir='ltr'><strong><em>ἐπαγγέλλεται</em></strong></span> <span class='ocrx_word' id='word_1_62' title='bbox 469 1220 505 1281; x_wconf 76' lang='grc' dir='ltr'><strong><em>δὲ</em></strong></span> <span class='ocrx_word' id='word_1_63' title='bbox 528 1225 581 1280; x_wconf 77' lang='grc' dir='ltr'><strong><em>καὶ</em></strong></span> <span class='ocrx_word' id='word_1_64' title='bbox 605 1223 796 1298; x_wconf 73' lang='grc' dir='ltr'><strong><em>θαυμασίαν</em></strong></span> <span class='ocrx_word' id='word_1_65' title='bbox 817 1219 1027 1297; x_wconf 73' lang='grc' dir='ltr'><strong><em>ἐπαγγελίαν,</em></strong></span> <span class='ocrx_word' id='word_1_66' title='bbox 1063 1219 1122 1281; x_wconf 65' lang='lat' dir='ltr'><strong><em>aar</em></strong></span> <span class='ocrx_word' id='word_1_67' title='bbox 1145 1218 1265 1301; x_wconf 82' lang='grc' dir='ltr'><strong><em>άφήτε,</em></strong></span> <span class='ocrx_word' id='word_1_68' title='bbox 1298 1219 1409 1294; x_wconf 81' lang='grc' dir='ltr'><strong><em>λέγων,</em></strong></span> <span class='ocrx_word' id='word_1_69' title='bbox 1434 1219 1560 1303; x_wconf 87' lang='grc' dir='ltr'><strong><em>άφήσω,</em></strong></span> <span class='ocrx_word' id='word_1_70' title='bbox 1583 1230 1638 1284; x_wconf 77' lang='grc' dir='ltr'><strong><em>καί</em></strong></span> <span class='ocrx_word' id='word_1_71' title='bbox 1661 1221 1688 1307; x_wconf 69' lang='grc' dir='ltr'><strong><em>ρι’</em></strong></span> <span class='ocrx_word' id='word_1_72' title='bbox 1709 1228 1811 1310; x_wconf 85' lang='grc' dir='ltr'><strong><em>μέτρῳ</em></strong></span> 
     </span>
     <span class='ocr_line' id='line_1_8' title="bbox 218 1320 1810 1404; baseline 0.004 -21"><span class='ocrx_word' id='word_1_73' title='bbox 218 1333 367 1403; x_wconf 76' lang='grc' dir='ltr'><strong><em>μετρεῖτε,</em></strong></span> <span class='ocrx_word' id='word_1_74' title='bbox 402 1329 456 1384; x_wconf 79' lang='grc' dir='ltr'><strong><em>καὶ</em></strong></span> <span class='ocrx_word' id='word_1_75' title='bbox 486 1323 560 1403; x_wconf 86' lang='grc' dir='ltr'><strong><em>ύμῖν</em></strong></span> <span class='ocrx_word' id='word_1_76' title='bbox 589 1321 897 1404; x_wconf 70' lang='grc' dir='ltr'><strong><em>ἀντιμετρηθήσεται.</em></strong></span> <span class='ocrx_word' id='word_1_77' title='bbox 943 1322 990 1384; x_wconf 68' lang='grc' dir='ltr'><strong><em>ἵεί</em></strong></span> <span class='ocrx_word' id='word_1_78' title='bbox 1009 1325 1116 1385; x_wconf 87' lang='grc' dir='ltr'><strong><em>τοίνυν</em></strong></span> <span class='ocrx_word' id='word_1_79' title='bbox 1137 1320 1181 1394; x_wconf 80' lang='grc' dir='ltr'><strong><em>ὡς</em></strong></span> <span class='ocrx_word' id='word_1_80' title='bbox 1203 1323 1382 1403; x_wconf 83' lang='grc' dir='ltr'><strong><em>ἄνθρωπος</em></strong></span> <span class='ocrx_word' id='word_1_81' title='bbox 1404 1324 1543 1403; x_wconf 77' lang='grc' dir='ltr'><strong><em>ὀφείλεις</em></strong></span> <span class='ocrx_word' id='word_1_82' title='bbox 1565 1351 1591 1387; x_wconf 86' lang='grc' dir='ltr'><strong><em>τι</em></strong></span> <span class='ocrx_word' id='word_1_83' title='bbox 1622 1334 1675 1388; x_wconf 77' lang='grc' dir='ltr'><strong><em>καὶ</em></strong></span> <span class='ocrx_word' id='word_1_84' title='bbox 1705 1327 1810 1404; x_wconf 84' lang='grc' dir='ltr'><strong><em>αύτός,</em></strong></span> 
     </span>
     <span class='ocr_line' id='line_1_9' title="bbox 222 1423 1879 1512; baseline 0.006 -28"><span class='ocrx_word' id='word_1_85' title='bbox 222 1425 305 1507; x_wconf 85' lang='grc' dir='ltr'><strong><em>άφες</em></strong></span> <span class='ocrx_word' id='word_1_86' title='bbox 326 1427 446 1499; x_wconf 87' lang='grc' dir='ltr'><strong><em>τούτοις</em></strong></span> <span class='ocrx_word' id='word_1_87' title='bbox 467 1437 531 1499; x_wconf 90' lang='grc' dir='ltr'><strong><em>τοῖς</em></strong></span> <span class='ocrx_word' id='word_1_88' title='bbox 554 1425 741 1505; x_wconf 75' lang='grc' dir='ltr'><strong><em>ὀφειλέταις,</em></strong></span> <span class='ocrx_word' id='word_1_89' title='bbox 764 1431 819 1487; x_wconf 88' lang='grc' dir='ltr'><strong><em>ίνα</em></strong></span> <span class='ocrx_word' id='word_1_90' title='bbox 841 1425 970 1503; x_wconf 87' lang='grc' dir='ltr'><strong><em>μάλλον</em></strong></span> <span class='ocrx_word' id='word_1_91' title='bbox 990 1429 1109 1512; x_wconf 88' lang='grc' dir='ltr'><strong><em>πείθης</em></strong></span> <span class='ocrx_word' id='word_1_92' title='bbox 1130 1425 1166 1487; x_wconf 91' lang='grc' dir='ltr'><strong><em>ἐν</em></strong></span> <span class='ocrx_word' id='word_1_93' title='bbox 1187 1435 1256 1498; x_wconf 86' lang='grc' dir='ltr'><strong><em>ταῖς</em></strong></span> <span class='ocrx_word' id='word_1_94' title='bbox 1277 1423 1400 1505; x_wconf 84' lang='grc' dir='ltr'><strong><em>εύχαῖς,</em></strong></span> <span class='ocrx_word' id='word_1_95' title='bbox 1432 1430 1486 1507; x_wconf 85' lang='grc' dir='ltr'><strong><em>τήν</em></strong></span> <span class='ocrx_word' id='word_1_96' title='bbox 1508 1428 1553 1501; x_wconf 84' lang='grc' dir='ltr'><strong><em>είς</em></strong></span> <span class='ocrx_word' id='word_1_97' title='bbox 1574 1433 1647 1502; x_wconf 87' lang='grc' dir='ltr'><strong><em>τούς</em></strong></span> <span class='ocrx_word' id='word_1_98' title='bbox 1669 1432 1812 1511; x_wconf 86' lang='grc' dir='ltr'><strong><em>παροξύ-</em></strong></span> <span class='ocrx_word' id='word_1_99' title='bbox 1877 1429 1879 1433; x_wconf 61' lang='grc'>’</span> 
     </span>
     <span class='ocr_line' id='line_1_10' title="bbox 222 1527 1811 1614; baseline 0.005 -26"><span class='ocrx_word' id='word_1_100' title='bbox 222 1549 339 1601; x_wconf 92' lang='grc' dir='ltr'><strong><em>ναντας</em></strong></span> <span class='ocrx_word' id='word_1_101' title='bbox 370 1530 487 1611; x_wconf 83' lang='grc' dir='ltr'><strong><em>ἄφεσιν</em></strong></span> <span class='ocrx_word' id='word_1_102' title='bbox 522 1529 622 1611; x_wconf 75' lang='grc' dir='ltr'><strong><em>καλήν</em></strong></span> <span class='ocrx_word' id='word_1_103' title='bbox 658 1530 739 1606; x_wconf 83' lang='grc' dir='ltr'><strong><em>ἔχων</em></strong></span> <span class='ocrx_word' id='word_1_104' title='bbox 768 1529 935 1611; x_wconf 88' lang='grc' dir='ltr'><strong><em>πρόφασιν</em></strong></span> <span class='ocrx_word' id='word_1_105' title='bbox 963 1529 1009 1602; x_wconf 85' lang='grc' dir='ltr'><strong><em>είς</em></strong></span> <span class='ocrx_word' id='word_1_106' title='bbox 1036 1537 1070 1590; x_wconf 81' lang='grc' dir='ltr'><strong><em>τὸ</em></strong></span> <span class='ocrx_word' id='word_1_107' title='bbox 1102 1538 1206 1608; x_wconf 88' lang='grc' dir='ltr'><strong><em>τυχεῖν</em></strong></span> <span class='ocrx_word' id='word_1_108' title='bbox 1235 1531 1298 1589; x_wconf 86' lang='grc' dir='ltr'><strong><em>τών</em></strong></span> <span class='ocrx_word' id='word_1_109' title='bbox 1330 1527 1460 1607; x_wconf 85' lang='grc' dir='ltr'><strong><em>ὁμοίων.</em></strong></span> <span class='ocrx_word' id='word_1_110' title='bbox 1521 1531 1665 1614; x_wconf 71' lang='grc' dir='ltr'><strong><em>8άλλην*</em></strong></span> <span class='ocrx_word' id='word_1_111' title='bbox 1694 1558 1725 1595; x_wconf 92' lang='grc' dir='ltr'><strong><em>τε</em></strong></span> <span class='ocrx_word' id='word_1_112' title='bbox 1758 1542 1811 1596; x_wconf 79' lang='grc' dir='ltr'><strong><em>καί</em></strong></span> 
     </span>
     <span class='ocr_line' id='line_1_11' title="bbox 218 1629 1810 1718; baseline 0.006 -28"><span class='ocrx_word' id='word_1_113' title='bbox 218 1629 312 1711; x_wconf 88' lang='grc' dir='ltr'><strong><em>μείζω</em></strong></span> <span class='ocrx_word' id='word_1_114' title='bbox 333 1631 576 1713; x_wconf 79' lang='grc' dir='ltr'><strong><em>μεγαλοψυχίας</em></strong></span> <span class='ocrx_word' id='word_1_115' title='bbox 599 1632 769 1705; x_wconf 85' lang='grc' dir='ltr'><strong><em>άπόδειξιν</em></strong></span> <span class='ocrx_word' id='word_1_116' title='bbox 791 1630 847 1711; x_wconf 88' lang='grc' dir='ltr'><strong><em>ούχ</em></strong></span> <span class='ocrx_word' id='word_1_117' title='bbox 868 1632 956 1718; x_wconf 80' lang='grc' dir='ltr'><strong><em>ἐΙξεις</em></strong></span> <span class='ocrx_word' id='word_1_118' title='bbox 978 1633 1013 1693; x_wconf 91' lang='grc' dir='ltr'><strong><em>ἐν</em></strong></span> <span class='ocrx_word' id='word_1_119' title='bbox 1035 1630 1128 1714; x_wconf 71' lang='grc' dir='ltr'><strong><em>ἑτέρῳ</em></strong></span> <span class='ocrx_word' id='word_1_120' title='bbox 1151 1630 1265 1696; x_wconf 83' lang='grc' dir='ltr'><strong><em>δοῦναι</em></strong></span> <span class='ocrx_word' id='word_1_121' title='bbox 1288 1636 1399 1713; x_wconf 84' lang='grc' dir='ltr'><strong><em>καιρῷ,</em></strong></span> <span class='ocrx_word' id='word_1_122' title='bbox 1423 1631 1497 1694; x_wconf 77' lang='grc' dir='ltr'><strong><em>οὐδὲ</em></strong></span> <span class='ocrx_word' id='word_1_123' title='bbox 1511 1633 1667 1712; x_wconf 89' lang='grc' dir='ltr'><strong><em>τρόπαιον</em></strong></span> <span class='ocrx_word' id='word_1_124' title='bbox 1755 1639 1810 1702; x_wconf 84' lang='lat'><strong><em>73¹</em></strong></span> 
     </span>
     <span class='ocr_line' id='line_1_12' title="bbox 220 1733 1810 1820; baseline 0.004 -25"><span class='ocrx_word' id='word_1_125' title='bbox 220 1733 302 1797; x_wconf 87' lang='grc' dir='ltr'><strong><em>άλλο</em></strong></span> <span class='ocrx_word' id='word_1_126' title='bbox 325 1739 444 1816; x_wconf 87' lang='grc' dir='ltr'><strong><em>στήσεις</em></strong></span> <span class='ocrx_word' id='word_1_127' title='bbox 467 1735 687 1816; x_wconf 88' lang='grc' dir='ltr'><strong><em>λαμπρότερον</em></strong></span> <span class='ocrx_word' id='word_1_128' title='bbox 709 1738 728 1816; x_wconf 80' lang='grc' dir='ltr'><em>ἢ</em></span> <span class='ocrx_word' id='word_1_129' title='bbox 748 1733 819 1807; x_wconf 88' lang='grc' dir='ltr'><strong><em>τούς</em></strong></span> <span class='ocrx_word' id='word_1_130' title='bbox 839 1735 918 1799; x_wconf 79' lang='grc' dir='ltr'><strong><em>οὕτω</em></strong></span> <span class='ocrx_word' id='word_1_131' title='bbox 942 1734 1144 1818; x_wconf 78' lang='grc' dir='ltr'><strong><em>λυπήσαντας</em></strong></span> <span class='ocrx_word' id='word_1_132' title='bbox 1167 1733 1354 1814; x_wconf 82' lang='grc' dir='ltr'><strong><em>άνεξικακίᾳ</em></strong></span> <span class='ocrx_word' id='word_1_133' title='bbox 1377 1740 1434 1800; x_wconf 83' lang='grc' dir='ltr'><strong><em>νῦν</em></strong></span> <span class='ocrx_word' id='word_1_134' title='bbox 1456 1736 1671 1818; x_wconf 86' lang='grc' dir='ltr'><strong><em>άμυνόμενος·</em></strong></span> <span class='ocrx_word' id='word_1_135' title='bbox 1695 1742 1729 1801; x_wconf 81' lang='grc' dir='ltr'><strong><em>τό</em></strong></span> <span class='ocrx_word' id='word_1_136' title='bbox 1750 1744 1810 1820; x_wconf 74' lang='grc' dir='ltr'><strong><em>μὲν</em></strong></span> 
     </span>
     <span class='ocr_line' id='line_1_13' title="bbox 219 1838 1810 1924; baseline 0.003 -24"><span class='ocrx_word' id='word_1_137' title='bbox 219 1841 280 1919; x_wconf 85' lang='grc' dir='ltr'><strong><em>γάρ</em></strong></span> <span class='ocrx_word' id='word_1_138' title='bbox 303 1839 494 1922; x_wconf 83' lang='grc' dir='ltr'><strong><em>άντιπλήξαι</em></strong></span> <span class='ocrx_word' id='word_1_139' title='bbox 515 1842 582 1912; x_wconf 87' lang='grc' dir='ltr'><strong><em>τοὺς</em></strong></span> <span class='ocrx_word' id='word_1_140' title='bbox 606 1840 787 1920; x_wconf 87' lang='grc' dir='ltr'><strong><em>πλήξαντας</em></strong></span> <span class='ocrx_word' id='word_1_141' title='bbox 814 1845 867 1900; x_wconf 79' lang='grc' dir='ltr'><strong><em>καὶ</em></strong></span> <span class='ocrx_word' id='word_1_142' title='bbox 894 1844 999 1912; x_wconf 81' lang='grc' dir='ltr'><strong><em>κακῶς</em></strong></span> <span class='ocrx_word' id='word_1_143' title='bbox 1030 1838 1233 1920; x_wconf 85' lang='grc' dir='ltr'><strong><em>α’ντιποιήσαι</em></strong></span> <span class='ocrx_word' id='word_1_144' title='bbox 1260 1840 1330 1909; x_wconf 89' lang='grc' dir='ltr'><strong><em>τούς</em></strong></span> <span class='ocrx_word' id='word_1_145' title='bbox 1359 1843 1629 1919; x_wconf 83' lang='grc' dir='ltr'><strong><em>πραύπάρξαντας</em></strong></span> <span class='ocrx_word' id='word_1_146' title='bbox 1660 1842 1721 1923; x_wconf 81' lang='grc' dir='ltr'><strong><em>η’δύ</em></strong></span> <span class='ocrx_word' id='word_1_147' title='bbox 1750 1847 1810 1924; x_wconf 74' lang='grc' dir='ltr'><strong><em>μὲν</em></strong></span> 
     </span>
     <span class='ocr_line' id='line_1_14' title="bbox 220 1939 1809 2027; baseline 0.003 -23"><span class='ocrx_word' id='word_1_148' title='bbox 220 1944 304 2018; x_wconf 81' lang='grc' dir='ltr'><strong><em>ἴσως,</em></strong></span> <span class='ocrx_word' id='word_1_149' title='bbox 326 1942 398 2005; x_wconf 76' lang='grc' dir='ltr'><strong><em>ἄλλ’</em></strong></span> <span class='ocrx_word' id='word_1_150' title='bbox 420 1942 551 2017; x_wconf 83' lang='grc' dir='ltr'><strong><em>ἄδοξον,</em></strong></span> <span class='ocrx_word' id='word_1_151' title='bbox 575 1944 643 2004; x_wconf 85' lang='grc' dir='ltr'><strong><em>ἐπεὶ</em></strong></span> <span class='ocrx_word' id='word_1_152' title='bbox 666 1949 719 2002; x_wconf 77' lang='grc' dir='ltr'><strong><em>καὶ</em></strong></span> <span class='ocrx_word' id='word_1_153' title='bbox 741 1944 849 2005; x_wconf 86' lang='grc' dir='ltr'><strong><em>κοινόν</em></strong></span> <span class='ocrx_word' id='word_1_154' title='bbox 872 1944 936 2005; x_wconf 85' lang='grc' dir='ltr'><strong><em>ἐστι</em></strong></span> <span class='ocrx_word' id='word_1_155' title='bbox 958 1953 1022 2015; x_wconf 87' lang='grc' dir='ltr'><strong><em>τοῖς</em></strong></span> <span class='ocrx_word' id='word_1_156' title='bbox 1044 1946 1144 2004; x_wconf 86' lang='grc' dir='ltr'><strong><em>πᾶσιν</em></strong></span> <span class='ocrx_word' id='word_1_157' title='bbox 1166 1942 1367 2023; x_wconf 73' lang='grc' dir='ltr'><strong><em>ἀνθρώποις,</em></strong></span> <span class='ocrx_word' id='word_1_158' title='bbox 1390 1939 1435 2014; x_wconf 86' lang='grc' dir='ltr'><strong><em>οίς</em></strong></span> <span class='ocrx_word' id='word_1_159' title='bbox 1451 1942 1685 2024; x_wconf 71' lang='grc' dir='ltr'><strong><em>ἀντιλυπήσεως</em></strong></span> <span class='ocrx_word' id='word_1_160' title='bbox 1707 1947 1809 2027; x_wconf 85' lang='grc' dir='ltr'><strong><em>ὄρεξις</em></strong></span> 
     </span>
     <span class='ocr_line' id='line_1_15' title="bbox 221 2044 1809 2131; baseline 0.001 -22"><span class='ocrx_word' id='word_1_161' title='bbox 221 2050 361 2128; x_wconf 77' lang='grc' dir='ltr'><strong><em>φυσικῶς</em></strong></span> <span class='ocrx_word' id='word_1_162' title='bbox 382 2047 571 2126; x_wconf 82' lang='grc' dir='ltr'><strong><em>ἐνυπάρχει·</em></strong></span> <span class='ocrx_word' id='word_1_163' title='bbox 607 2048 639 2107; x_wconf 88' lang='grc' dir='ltr'>τό</span> <span class='ocrx_word' id='word_1_164' title='bbox 664 2046 699 2107; x_wconf 78' lang='grc' dir='ltr'><strong><em>δὲ</em></strong></span> <span class='ocrx_word' id='word_1_165' title='bbox 721 2049 774 2127; x_wconf 83' lang='grc' dir='ltr'><strong><em>τῆς</em></strong></span> <span class='ocrx_word' id='word_1_166' title='bbox 795 2049 874 2106; x_wconf 89' lang='grc' dir='ltr'><strong><em>κατά</em></strong></span> <span class='ocrx_word' id='word_1_167' title='bbox 903 2052 965 2106; x_wconf 79' lang='grc' dir='ltr'><strong><em>τῶν</em></strong></span> <span class='ocrx_word' id='word_1_168' title='bbox 994 2045 1193 2107; x_wconf 85' lang='grc' dir='ltr'><strong><em>πταισάντων</em></strong></span> <span class='ocrx_word' id='word_1_169' title='bbox 1222 2044 1377 2127; x_wconf 86' lang='grc' dir='ltr'><strong><em>άνήκεστα</em></strong></span> <span class='ocrx_word' id='word_1_170' title='bbox 1408 2045 1534 2118; x_wconf 85' lang='grc' dir='ltr'><strong><em>δικαίας</em></strong></span> <span class='ocrx_word' id='word_1_171' title='bbox 1565 2046 1659 2128; x_wconf 84' lang='grc' dir='ltr'><strong><em>όργής</em></strong></span> <span class='ocrx_word' id='word_1_172' title='bbox 1686 2072 1809 2131; x_wconf 91' lang='grc' dir='ltr'><strong><em>μακρο-</em></strong></span> 
     </span>
     <span class='ocr_line' id='line_1_16' title="bbox 219 2146 1808 2236; baseline 0.001 -23"><span class='ocrx_word' id='word_1_173' title='bbox 219 2153 325 2230; x_wconf 81' lang='grc' dir='ltr'><strong><em>θυμίᾳ</em></strong></span> <span class='ocrx_word' id='word_1_174' title='bbox 356 2156 508 2234; x_wconf 84' lang='grc' dir='ltr'><strong><em>κρατήσαι</em></strong></span> <span class='ocrx_word' id='word_1_175' title='bbox 541 2154 594 2209; x_wconf 79' lang='grc' dir='ltr'><strong><em>καὶ</em></strong></span> <span class='ocrx_word' id='word_1_176' title='bbox 620 2149 676 2230; x_wconf 80' lang='grc' dir='ltr'><strong><em>τήν</em></strong></span> <span class='ocrx_word' id='word_1_177' title='bbox 703 2146 839 2228; x_wconf 87' lang='grc' dir='ltr'><strong><em>ἐμπαθή</em></strong></span> <span class='ocrx_word' id='word_1_178' title='bbox 871 2147 967 2230; x_wconf 90' lang='grc' dir='ltr'><strong><em>φύσιν</em></strong></span> <span class='ocrx_word' id='word_1_179' title='bbox 995 2147 1108 2229; x_wconf 90' lang='grc' dir='ltr'><strong><em>ταύτην</em></strong></span> <span class='ocrx_word' id='word_1_180' title='bbox 1130 2152 1184 2209; x_wconf 74' lang='grc' dir='ltr'><strong><em>καί</em></strong></span> <span class='ocrx_word' id='word_1_181' title='bbox 1204 2146 1410 2229; x_wconf 79' lang='grc' dir='ltr'><strong><em>μικρόψυχον</em></strong></span> <span class='ocrx_word' id='word_1_182' title='bbox 1433 2154 1486 2209; x_wconf 76' lang='grc' dir='ltr'><strong><em>καί</em></strong></span> <span class='ocrx_word' id='word_1_183' title='bbox 1509 2147 1665 2231; x_wconf 83' lang='grc' dir='ltr'><strong><em>α’λίγωρον</em></strong></span> <span class='ocrx_word' id='word_1_184' title='bbox 1685 2153 1731 2224; x_wconf 86' lang='grc' dir='ltr'><strong><em>είς</em></strong></span> <span class='ocrx_word' id='word_1_185' title='bbox 1752 2157 1808 2236; x_wconf 82' lang='grc' dir='ltr'><strong><em>τήν</em></strong></span> 
     </span>
     <span class='ocr_line' id='line_1_17' title="bbox 218 2250 1808 2338; baseline 0 -21"><span class='ocrx_word' id='word_1_186' title='bbox 218 2255 342 2338; x_wconf 84' lang='grc' dir='ltr'><strong><em>άπαθή</em></strong></span> <span class='ocrx_word' id='word_1_187' title='bbox 362 2279 393 2317; x_wconf 86' lang='grc' dir='ltr'><strong><em>τε</em></strong></span> <span class='ocrx_word' id='word_1_188' title='bbox 415 2260 468 2317; x_wconf 75' lang='grc' dir='ltr'><strong><em>καὶ</em></strong></span> <span class='ocrx_word' id='word_1_189' title='bbox 492 2257 589 2316; x_wconf 90' lang='grc' dir='ltr'><strong><em>θείαν</em></strong></span> <span class='ocrx_word' id='word_1_190' title='bbox 611 2252 666 2315; x_wconf 81' lang='grc' dir='ltr'><strong><em>διδ</em></strong></span> <span class='ocrx_word' id='word_1_191' title='bbox 690 2251 886 2334; x_wconf 88' lang='grc' dir='ltr'><strong><em>φιλοσοφίας</em></strong></span> <span class='ocrx_word' id='word_1_192' title='bbox 907 2251 1175 2331; x_wconf 74' lang='grc' dir='ltr'><strong><em>ἀποβιάσασθαι,</em></strong></span> <span class='ocrx_word' id='word_1_193' title='bbox 1205 2257 1292 2316; x_wconf 83' lang='grc' dir='ltr'><strong><em>τοῦτο</em></strong></span> <span class='ocrx_word' id='word_1_194' title='bbox 1322 2250 1462 2313; x_wconf 92' lang='grc' dir='ltr'><strong><em>σπάνιον</em></strong></span> <span class='ocrx_word' id='word_1_195' title='bbox 1491 2256 1551 2333; x_wconf 77' lang='grc' dir='ltr'><strong><em>μὲν</em></strong></span> <span class='ocrx_word' id='word_1_196' title='bbox 1581 2254 1617 2316; x_wconf 98' lang='grc' dir='ltr'><strong><em>ἐν</em></strong></span> <span class='ocrx_word' id='word_1_197' title='bbox 1644 2251 1725 2328; x_wconf 71' lang='grc' dir='ltr'><strong><em>υἱοῖς</em></strong></span> <span class='ocrx_word' id='word_1_198' title='bbox 1747 2255 1808 2317; x_wconf 89' lang='grc' dir='ltr'><strong><em>άν-</em></strong></span> 
     </span>
     <span class='ocr_line' id='line_1_18' title="bbox 220 2353 1807 2439; baseline 0.001 -19"><span class='ocrx_word' id='word_1_199' title='bbox 220 2360 374 2439; x_wconf 90' lang='grc' dir='ltr'><strong><em>θρώπων,</em></strong></span> <span class='ocrx_word' id='word_1_200' title='bbox 399 2357 620 2420; x_wconf 78' lang='grc' dir='ltr'><strong><em>σπανιώτατον</em></strong></span> <span class='ocrx_word' id='word_1_201' title='bbox 641 2356 677 2417; x_wconf 83' lang='grc' dir='ltr'><strong><em>δὲ</em></strong></span> <span class='ocrx_word' id='word_1_202' title='bbox 700 2355 917 2436; x_wconf 82' lang='grc' dir='ltr'><strong><em>διαφερόντως</em></strong></span> <span class='ocrx_word' id='word_1_203' title='bbox 937 2356 972 2416; x_wconf 91' lang='grc' dir='ltr'><strong><em>ἐν</em></strong></span> <span class='ocrx_word' id='word_1_204' title='bbox 993 2354 1193 2435; x_wconf 86' lang='grc' dir='ltr'><strong><em>βασιλεῦσιν,</em></strong></span> <span class='ocrx_word' id='word_1_205' title='bbox 1224 2353 1269 2426; x_wconf 86' lang='grc' dir='ltr'><strong><em>αίς</em></strong></span> <span class='ocrx_word' id='word_1_206' title='bbox 1298 2353 1314 2428; x_wconf 83' lang='grc' dir='ltr'><strong><em>ή</em></strong></span> <span class='ocrx_word' id='word_1_207' title='bbox 1338 2355 1466 2428; x_wconf 75' lang='grc' dir='ltr'><strong><em>ἐξουσία</em></strong></span> <span class='ocrx_word' id='word_1_208' title='bbox 1490 2361 1543 2416; x_wconf 79' lang='grc' dir='ltr'><strong><em>καὶ</em></strong></span> <span class='ocrx_word' id='word_1_209' title='bbox 1564 2358 1598 2418; x_wconf 86' lang='grc' dir='ltr'><strong><em>τὸ</em></strong></span> <span class='ocrx_word' id='word_1_210' title='bbox 1623 2356 1807 2422; x_wconf 87' lang='grc' dir='ltr'><strong><em>άνεύθυνον</em></strong></span> 
     </span>
     <span class='ocr_line' id='line_1_19' title="bbox 219 2455 1807 2544; baseline 0.001 -21"><span class='ocrx_word' id='word_1_211' title='bbox 219 2459 386 2544; x_wconf 87' lang='grc' dir='ltr'><strong><em>άπλήστως</em></strong></span> <span class='ocrx_word' id='word_1_212' title='bbox 409 2463 624 2544; x_wconf 75' lang='grc' dir='ltr'><strong><em>ἐμφορεῖσθαι</em></strong></span> <span class='ocrx_word' id='word_1_213' title='bbox 648 2463 779 2537; x_wconf 88' lang='grc' dir='ltr'><strong><em>παρέχει</em></strong></span> <span class='ocrx_word' id='word_1_214' title='bbox 800 2463 852 2540; x_wconf 86' lang='grc' dir='ltr'><strong><em>τής</em></strong></span> <span class='ocrx_word' id='word_1_215' title='bbox 871 2463 1022 2538; x_wconf 90' lang='grc' dir='ltr'><strong><em>τιμωρίας</em></strong></span> <span class='ocrx_word' id='word_1_216' title='bbox 1045 2459 1125 2520; x_wconf 86' lang='grc' dir='ltr'><strong><em>κατά</em></strong></span> <span class='ocrx_word' id='word_1_217' title='bbox 1147 2464 1210 2520; x_wconf 83' lang='grc' dir='ltr'><strong><em>τών</em></strong></span> <span class='ocrx_word' id='word_1_218' title='bbox 1230 2460 1276 2531; x_wconf 81' lang='grc' dir='ltr'><strong><em>εἰς</em></strong></span> <span class='ocrx_word' id='word_1_219' title='bbox 1298 2455 1407 2524; x_wconf 78' lang='grc' dir='ltr'><strong><em>αὐτούς</em></strong></span> <span class='ocrx_word' id='word_1_220' title='bbox 1423 2458 1689 2541; x_wconf 83' lang='grc' dir='ltr'><strong><em>πλημμελούντων</em></strong></span> <span class='ocrx_word' id='word_1_221' title='bbox 1711 2464 1732 2543; x_wconf 81' lang='grc' dir='ltr'><strong><em>ή</em></strong></span> <span class='ocrx_word' id='word_1_222' title='bbox 1754 2467 1807 2524; x_wconf 72' lang='grc' dir='ltr'><strong><em>καί</em></strong></span> 
     </span>
     <span class='ocr_line' id='line_1_20' title="bbox 217 2561 1807 2647; baseline 0.001 -20"><span class='ocrx_word' id='word_1_223' title='bbox 217 2567 321 2647; x_wconf 89' lang='grc' dir='ltr'><strong><em>μάτην</em></strong></span> <span class='ocrx_word' id='word_1_224' title='bbox 350 2562 597 2643; x_wconf 86' lang='grc' dir='ltr'><strong><em>ύποναουμένων</em></strong></span> <span class='ocrx_word' id='word_1_225' title='bbox 631 2563 664 2623; x_wconf 82' lang='grc' dir='ltr'><strong><em>τό</em></strong></span> <span class='ocrx_word' id='word_1_226' title='bbox 687 2562 918 2645; x_wconf 85' lang='grc' dir='ltr'><strong><em>σχετλιώτατον,</em></strong></span> <span class='ocrx_word' id='word_1_227' title='bbox 953 2562 982 2623; x_wconf 85' lang='grc' dir='ltr'><strong><em>εί</em></strong></span> <span class='ocrx_word' id='word_1_228' title='bbox 1001 2564 1044 2643; x_wconf 92' lang='grc' dir='ltr'><strong><em>μή</em></strong></span> <span class='ocrx_word' id='word_1_229' title='bbox 1065 2584 1109 2633; x_wconf 88' lang='grc' dir='ltr'><strong><em>τις</em></strong></span> <span class='ocrx_word' id='word_1_230' title='bbox 1131 2564 1185 2623; x_wconf 86' lang='grc' dir='ltr'><strong><em>τόν</em></strong></span> <span class='ocrx_word' id='word_1_231' title='bbox 1206 2565 1328 2641; x_wconf 80' lang='grc' dir='ltr'><strong><em>κρείττω</em></strong></span> <span class='ocrx_word' id='word_1_232' title='bbox 1351 2561 1486 2637; x_wconf 81' lang='grc' dir='ltr'><strong><em>βασιλέα</em></strong></span> <span class='ocrx_word' id='word_1_233' title='bbox 1515 2569 1568 2624; x_wconf 79' lang='grc' dir='ltr'><strong><em>καὶ</em></strong></span> <span class='ocrx_word' id='word_1_234' title='bbox 1591 2563 1807 2645; x_wconf 78' lang='grc' dir='ltr'><strong><em>δυνατώτερον</em></strong></span> 
     </span>
     <span class='ocr_line' id='line_1_21' title="bbox 218 2661 1805 2757; baseline 0 -27"><span class='ocrx_word' id='word_1_235' title='bbox 218 2668 255 2730; x_wconf 90' lang='grc' dir='ltr'><strong><em>ἐν</em></strong></span> <span class='ocrx_word' id='word_1_236' title='bbox 277 2668 361 2751; x_wconf 80' lang='grc' dir='ltr'><strong><em>αύτῷ</em></strong></span> <span class='ocrx_word' id='word_1_237' title='bbox 382 2673 426 2752; x_wconf 78' lang='grc' dir='ltr'><strong><em>τῷ</em></strong></span> <span class='ocrx_word' id='word_1_238' title='bbox 445 2670 574 2749; x_wconf 80' lang='grc' dir='ltr'><strong><em>ταράχῳ</em></strong></span> <span class='ocrx_word' id='word_1_239' title='bbox 597 2671 649 2748; x_wconf 82' lang='grc' dir='ltr'><strong><em>τῆς</em></strong></span> <span class='ocrx_word' id='word_1_240' title='bbox 672 2671 778 2749; x_wconf 78' lang='grc' dir='ltr'><strong><em>ψυχῆς</em></strong></span> <span class='ocrx_word' id='word_1_241' title='bbox 799 2665 970 2747; x_wconf 77' lang='grc' dir='ltr'><strong><em>ἐννοήσας,</em></strong></span> <span class='ocrx_word' id='word_1_242' title='bbox 1004 2670 1057 2725; x_wconf 71' lang='grc' dir='ltr'><strong><em>καί</em></strong></span> <span class='ocrx_word' id='word_1_243' title='bbox 1090 2661 1132 2738; x_wconf 83' lang='grc' dir='ltr'><strong><em>ώς</em></strong></span> <span class='ocrx_word' id='word_1_244' title='bbox 1153 2665 1281 2744; x_wconf 82' lang='grc' dir='ltr'><strong><em>μείζονα</em></strong></span> <span class='ocrx_word' id='word_1_245' title='bbox 1305 2665 1411 2746; x_wconf 83' lang='grc' dir='ltr'><strong><em>κριτήν</em></strong></span> <span class='ocrx_word' id='word_1_246' title='bbox 1432 2669 1604 2746; x_wconf 89' lang='grc' dir='ltr'><strong><em>φοβηθείς,</em></strong></span> <span class='ocrx_word' id='word_1_247' title='bbox 1637 2668 1805 2757; x_wconf 87' lang='grc' dir='ltr'><strong><em>καταβάλη</em></strong></span> 
     </span>
     <span class='ocr_line' id='line_1_22' title="bbox 217 2767 1805 2854; baseline -0.001 -19"><span class='ocrx_word' id='word_1_248' title='bbox 217 2773 252 2835; x_wconf 86' lang='grc' dir='ltr'><strong><em>τό</em></strong></span> <span class='ocrx_word' id='word_1_249' title='bbox 275 2773 429 2854; x_wconf 84' lang='grc' dir='ltr'><strong><em>φρύαγμα</em></strong></span> <span class='ocrx_word' id='word_1_250' title='bbox 451 2779 505 2832; x_wconf 76' lang='grc' dir='ltr'><strong><em>καὶ</em></strong></span> <span class='ocrx_word' id='word_1_251' title='bbox 527 2772 582 2833; x_wconf 88' lang='grc' dir='ltr'><strong><em>τύν</em></strong></span> <span class='ocrx_word' id='word_1_252' title='bbox 604 2773 714 2849; x_wconf 82' lang='grc' dir='ltr'><strong><em>θυμόν</em></strong></span> <span class='ocrx_word' id='word_1_253' title='bbox 731 2771 808 2849; x_wconf 90' lang='grc' dir='ltr'><strong><em>παρ’</em></strong></span> <span class='ocrx_word' id='word_1_254' title='bbox 821 2767 942 2843; x_wconf 83' lang='grc' dir='ltr'><strong><em>αὐτίκα,</em></strong></span> <span class='ocrx_word' id='word_1_255' title='bbox 963 2773 1017 2829; x_wconf 79' lang='grc' dir='ltr'><strong><em>καὶ</em></strong></span> <span class='ocrx_word' id='word_1_256' title='bbox 1031 2767 1172 2853; x_wconf 74' lang='grc' dir='ltr'><strong><em>λογισμῷ</em></strong></span> <span class='ocrx_word' id='word_1_257' title='bbox 1189 2769 1302 2854; x_wconf 82' lang='grc' dir='ltr'><strong><em>δικαίῳ</em></strong></span> <span class='ocrx_word' id='word_1_258' title='bbox 1317 2770 1513 2850; x_wconf 89' lang='grc' dir='ltr'><strong><em>χρησάμενος</em></strong></span> <span class='ocrx_word' id='word_1_259' title='bbox 1528 2767 1570 2841; x_wconf 83' lang='grc' dir='ltr'><strong><em>ώς</em></strong></span> <span class='ocrx_word' id='word_1_260' title='bbox 1584 2767 1620 2833; x_wconf 86' lang='grc' dir='ltr'><strong><em>ού</em></strong></span> <span class='ocrx_word' id='word_1_261' title='bbox 1635 2772 1805 2850; x_wconf 85' lang='grc' dir='ltr'><strong><em>προβάτων</em></strong></span> 
     </span>
     <span class='ocr_line' id='line_1_23' title="bbox 218 2865 1805 2961; baseline -0.004 -23"><span class='ocrx_word' id='word_1_262' title='bbox 218 2879 361 2958; x_wconf 87' lang='grc' dir='ltr'><strong><em>σφαγής,</em></strong></span> <span class='ocrx_word' id='word_1_263' title='bbox 386 2877 390 2961; x_wconf 70' lang='grc' dir='ltr'><strong><em>ί</em></strong></span> <span class='ocrx_word' id='word_1_264' title='bbox 414 2874 486 2937; x_wconf 75' lang='grc' dir='ltr'><strong><em>ἄλλ’</em></strong></span> <span class='ocrx_word' id='word_1_265' title='bbox 509 2871 694 2954; x_wconf 82' lang='grc' dir='ltr'><strong><em>ὁμοδούλων</em></strong></span> <span class='ocrx_word' id='word_1_266' title='bbox 716 2870 906 2953; x_wconf 89' lang='grc' dir='ltr'><strong><em>άνθρώπων</em></strong></span> <span class='ocrx_word' id='word_1_267' title='bbox 929 2871 1039 2951; x_wconf 89' lang='grc' dir='ltr'><strong><em>άρχειν</em></strong></span> <span class='ocrx_word' id='word_1_268' title='bbox 1060 2870 1199 2954; x_wconf 85' lang='grc' dir='ltr'><strong><em>ἐτάχθη,</em></strong></span> <span class='ocrx_word' id='word_1_269' title='bbox 1233 2865 1280 2932; x_wconf 86' lang='grc' dir='ltr'><strong><em>ών</em></strong></span> <span class='ocrx_word' id='word_1_270' title='bbox 1310 2869 1445 2934; x_wconf 77' lang='grc' dir='ltr'><strong><em>ἑκάστου</em></strong></span> <span class='ocrx_word' id='word_1_271' title='bbox 1466 2872 1500 2933; x_wconf 87' lang='grc' dir='ltr'><strong><em>τύ</em></strong></span> <span class='ocrx_word' id='word_1_272' title='bbox 1524 2869 1604 2950; x_wconf 83' lang='grc' dir='ltr'><strong><em>αίμα</em></strong></span> <span class='ocrx_word' id='word_1_273' title='bbox 1625 2871 1660 2932; x_wconf 90' lang='grc' dir='ltr'><strong><em>ἐκ</em></strong></span> <span class='ocrx_word' id='word_1_274' title='bbox 1747 2875 1805 2940; x_wconf 78' lang='lat'><strong><em>73²</em></strong></span> 
     </span>
     <span class='ocr_line' id='line_1_24' title="bbox 119 2956 1805 3061; baseline -0.002 -19"><span class='ocrx_word' id='word_1_275' title='bbox 119 2956 133 2980; x_wconf 54' lang='lat'>⁸</span> <span class='ocrx_word' id='word_1_276' title='bbox 216 2984 270 3061; x_wconf 90' lang='grc' dir='ltr'><strong><em>τής</em></strong></span> <span class='ocrx_word' id='word_1_277' title='bbox 280 2980 381 3060; x_wconf 84' lang='grc' dir='ltr'><strong><em>χειρός</em></strong></span> <span class='ocrx_word' id='word_1_278' title='bbox 391 2980 444 3042; x_wconf 85' lang='grc' dir='ltr'><strong><em>τού</em></strong></span> <span class='ocrx_word' id='word_1_279' title='bbox 454 2977 615 3056; x_wconf 79' lang='grc' dir='ltr'><strong><em>ἐκχέοντος</em></strong></span> <span class='ocrx_word' id='word_1_280' title='bbox 634 2973 697 3040; x_wconf 88' lang='grc' dir='ltr'><strong><em>ύπὸ</em></strong></span> <span class='ocrx_word' id='word_1_281' title='bbox 709 2979 762 3040; x_wconf 85' lang='grc' dir='ltr'><strong><em>τού</em></strong></span> <span class='ocrx_word' id='word_1_282' title='bbox 778 2979 886 3039; x_wconf 82' lang='grc' dir='ltr'><strong><em>κοινοῦ</em></strong></span> <span class='ocrx_word' id='word_1_283' title='bbox 901 2974 1042 3037; x_wconf 90' lang='grc' dir='ltr'><strong><em>πλάστου</em></strong></span> <span class='ocrx_word' id='word_1_284' title='bbox 1057 2972 1188 3036; x_wconf 89' lang='grc' dir='ltr'><strong><em>πάντων</em></strong></span> <span class='ocrx_word' id='word_1_285' title='bbox 1201 2973 1395 3057; x_wconf 82' lang='grc' dir='ltr'><strong><em>ἐπιζητεῖται,</em></strong></span> <span class='ocrx_word' id='word_1_286' title='bbox 1419 2965 1673 3055; x_wconf 62' lang='grc' dir='ltr'><strong><em>συμφρονήσει““</em></strong></span> <span class='ocrx_word' id='word_1_287' title='bbox 1686 2980 1805 3056; x_wconf 85' lang='grc' dir='ltr'><strong><em>ταχέως</em></strong></span> 
     </span>
     <span class='ocr_line' id='line_1_25' title="bbox 216 3071 1803 3166; baseline -0.002 -21"><span class='ocrx_word' id='word_1_288' title='bbox 216 3083 294 3163; x_wconf 86' lang='grc' dir='ltr'><strong><em>παρ’</em></strong></span> <span class='ocrx_word' id='word_1_289' title='bbox 307 3079 420 3166; x_wconf 79' lang='grc' dir='ltr'><strong><em>ἐαυτῷ,</em></strong></span> <span class='ocrx_word' id='word_1_290' title='bbox 443 3085 498 3142; x_wconf 76' lang='grc' dir='ltr'><strong><em>καί</em></strong></span> <span class='ocrx_word' id='word_1_291' title='bbox 519 3079 730 3164; x_wconf 90' lang='grc' dir='ltr'><strong><em>φιλοσοφήσει</em></strong></span> <span class='ocrx_word' id='word_1_292' title='bbox 752 3080 787 3141; x_wconf 87' lang='grc' dir='ltr'><strong><em>τύ</em></strong></span> <span class='ocrx_word' id='word_1_293' title='bbox 808 3076 1066 3161; x_wconf 85' lang='grc' dir='ltr'><strong><em>εύσυμπάθητον,</em></strong></span> <span class='ocrx_word' id='word_1_294' title='bbox 1089 3076 1142 3160; x_wconf 89' lang='grc' dir='ltr'><strong><em>ἐφ’</em></strong></span> <span class='ocrx_word' id='word_1_295' title='bbox 1165 3071 1193 3163; x_wconf 81' lang='grc' dir='ltr'><strong><em>ηί</em></strong></span> <span class='ocrx_word' id='word_1_296' title='bbox 1213 3079 1270 3159; x_wconf 85' lang='grc' dir='ltr'><strong><em>τήν</em></strong></span> <span class='ocrx_word' id='word_1_297' title='bbox 1292 3081 1350 3160; x_wconf 84' lang='grc' dir='ltr'><strong><em>σήν</em></strong></span> <span class='ocrx_word' id='word_1_298' title='bbox 1371 3077 1538 3156; x_wconf 87' lang='grc' dir='ltr'><strong><em>βασιλείαν</em></strong></span> <span class='ocrx_word' id='word_1_299' title='bbox 1558 3080 1603 3153; x_wconf 88' lang='grc' dir='ltr'><strong><em>είς</em></strong></span> <span class='ocrx_word' id='word_1_300' title='bbox 1625 3079 1803 3165; x_wconf 82' lang='grc' dir='ltr'><strong><em>ὑπερβολήν</em></strong></span> 
     </span>
     <span class='ocr_line' id='line_1_26' title="bbox 215 3177 1804 3270; baseline -0.001 -24"><span class='ocrx_word' id='word_1_301' title='bbox 215 3184 467 3264; x_wconf 88' lang='grc' dir='ltr'><strong><em>ἐθαυμάστωσεν</em></strong></span> <span class='ocrx_word' id='word_1_302' title='bbox 497 3181 514 3244; x_wconf 86' lang='grc' dir='ltr'><strong><em>ό</em></strong></span> <span class='ocrx_word' id='word_1_303' title='bbox 541 3184 610 3256; x_wconf 87' lang='grc' dir='ltr'><strong><em>τούς</em></strong></span> <span class='ocrx_word' id='word_1_304' title='bbox 638 3191 751 3262; x_wconf 81' lang='grc' dir='ltr'><strong><em>πραεῖς</em></strong></span> <span class='ocrx_word' id='word_1_305' title='bbox 772 3179 925 3259; x_wconf 84' lang='grc' dir='ltr'><strong><em>α’γαπών,</em></strong></span> <span class='ocrx_word' id='word_1_306' title='bbox 956 3177 1119 3263; x_wconf 81' lang='grc' dir='ltr'><strong><em>ἧμερότητι</em></strong></span> <span class='ocrx_word' id='word_1_307' title='bbox 1151 3180 1255 3270; x_wconf 78' lang='grc' dir='ltr'><strong><em>πολλή</em></strong></span> <span class='ocrx_word' id='word_1_308' title='bbox 1287 3184 1340 3241; x_wconf 74' lang='grc' dir='ltr'><strong><em>καὶ</em></strong></span> <span class='ocrx_word' id='word_1_309' title='bbox 1373 3183 1523 3264; x_wconf 82' lang='grc' dir='ltr'><strong><em>πρᾳότητι</em></strong></span> <span class='ocrx_word' id='word_1_310' title='bbox 1556 3186 1646 3265; x_wconf 87' lang='grc' dir='ltr'><strong><em>παρά</em></strong></span> <span class='ocrx_word' id='word_1_311' title='bbox 1680 3183 1804 3256; x_wconf 91' lang='grc' dir='ltr'><strong><em>πάντας</em></strong></span> 
     </span>
     <span class='ocr_line' id='line_1_27' title="bbox 216 3282 1803 3370; baseline -0.002 -19"><span class='ocrx_word' id='word_1_312' title='bbox 216 3287 357 3364; x_wconf 86' lang='grc' dir='ltr'><strong><em>δοξάσας</em></strong></span> <span class='ocrx_word' id='word_1_313' title='bbox 388 3307 421 3350; x_wconf 90' lang='grc' dir='ltr'><strong><em>σε</em></strong></span> <span class='ocrx_word' id='word_1_314' title='bbox 453 3289 521 3359; x_wconf 86' lang='grc' dir='ltr'><strong><em>τούς</em></strong></span> <span class='ocrx_word' id='word_1_315' title='bbox 550 3292 612 3366; x_wconf 84' lang='grc' dir='ltr'><strong><em>πρὸ</em></strong></span> <span class='ocrx_word' id='word_1_316' title='bbox 640 3289 697 3350; x_wconf 85' lang='grc' dir='ltr'><strong><em>σού</em></strong></span> <span class='ocrx_word' id='word_1_317' title='bbox 729 3283 880 3363; x_wconf 84' lang='grc' dir='ltr'><strong><em>βασιλεῖς.</em></strong></span> <span class='ocrx_word' id='word_1_318' title='bbox 927 3282 976 3345; x_wconf 67' lang='grc' dir='ltr'><strong><em>9εί</em></strong></span> <span class='ocrx_word' id='word_1_319' title='bbox 1008 3283 1043 3345; x_wconf 78' lang='grc' dir='ltr'><strong><em>δὲ</em></strong></span> <span class='ocrx_word' id='word_1_320' title='bbox 1066 3289 1120 3345; x_wconf 78' lang='grc' dir='ltr'><strong><em>καί</em></strong></span> <span class='ocrx_word' id='word_1_321' title='bbox 1149 3288 1206 3348; x_wconf 85' lang='grc' dir='ltr'><strong><em>νῦν</em></strong></span> <span class='ocrx_word' id='word_1_322' title='bbox 1239 3288 1272 3347; x_wconf 84' lang='grc' dir='ltr'><strong><em>τό</em></strong></span> <span class='ocrx_word' id='word_1_323' title='bbox 1296 3283 1452 3370; x_wconf 86' lang='grc' dir='ltr'><strong><em>άόργητον</em></strong></span> <span class='ocrx_word' id='word_1_324' title='bbox 1473 3287 1509 3350; x_wconf 86' lang='grc' dir='ltr'><strong><em>ἐν</em></strong></span> <span class='ocrx_word' id='word_1_325' title='bbox 1531 3282 1626 3370; x_wconf 86' lang='grc' dir='ltr'><strong><em>δργής</em></strong></span> <span class='ocrx_word' id='word_1_326' title='bbox 1649 3286 1803 3368; x_wconf 83' lang='grc' dir='ltr'><strong><em>φυλάξεις</em></strong></span> 
     </span>
     <span class='ocr_line' id='line_1_28' title="bbox 215 3386 1802 3476; baseline -0.001 -23"><span class='ocrx_word' id='word_1_327' title='bbox 215 3396 327 3476; x_wconf 79' lang='grc' dir='ltr'><strong><em>καιρῷ,</em></strong></span> <span class='ocrx_word' id='word_1_328' title='bbox 351 3395 371 3473; x_wconf 75' lang='grc' dir='ltr'><em>ἢ</em></span> <span class='ocrx_word' id='word_1_329' title='bbox 393 3394 470 3452; x_wconf 79' lang='grc' dir='ltr'><strong><em>καθ’</em></strong></span> <span class='ocrx_word' id='word_1_330' title='bbox 493 3391 570 3454; x_wconf 86' lang='grc' dir='ltr'><strong><em>ὅσον</em></strong></span> <span class='ocrx_word' id='word_1_331' title='bbox 591 3389 661 3453; x_wconf 88' lang='grc' dir='ltr'><strong><em>οίόν</em></strong></span> <span class='ocrx_word' id='word_1_332' title='bbox 683 3411 724 3465; x_wconf 91' lang='grc' dir='ltr'><strong><em>τε,</em></strong></span> <span class='ocrx_word' id='word_1_333' title='bbox 745 3391 921 3469; x_wconf 88' lang='grc' dir='ltr'><strong><em>μετριάσεις</em></strong></span> <span class='ocrx_word' id='word_1_334' title='bbox 943 3389 998 3471; x_wconf 83' lang='grc' dir='ltr'><strong><em>τήν</em></strong></span> <span class='ocrx_word' id='word_1_335' title='bbox 1020 3386 1228 3464; x_wconf 83' lang='grc' dir='ltr'><strong><em>ἐπεξέλευσιν,</em></strong></span> <span class='ocrx_word' id='word_1_336' title='bbox 1251 3389 1280 3450; x_wconf 85' lang='grc' dir='ltr'><strong><em>εί</em></strong></span> <span class='ocrx_word' id='word_1_337' title='bbox 1300 3392 1343 3473; x_wconf 84' lang='grc' dir='ltr'><strong><em>μή</em></strong></span> <span class='ocrx_word' id='word_1_338' title='bbox 1366 3394 1399 3453; x_wconf 88' lang='grc' dir='ltr'><strong><em>τό</em></strong></span> <span class='ocrx_word' id='word_1_339' title='bbox 1424 3395 1549 3473; x_wconf 81' lang='grc' dir='ltr'><strong><em>πρώταν</em></strong></span> <span class='ocrx_word' id='word_1_340' title='bbox 1565 3391 1725 3472; x_wconf 89' lang='grc' dir='ltr'><strong><em>κρατήσει·</em></strong></span> <span class='ocrx_word' id='word_1_341' title='bbox 1749 3395 1802 3452; x_wconf 73' lang='grc' dir='ltr'><strong><em>καί</em></strong></span> 
     </span>
     <span class='ocr_line' id='line_1_29' title="bbox 215 3491 1802 3579; baseline -0.003 -20"><span class='ocrx_word' id='word_1_342' title='bbox 215 3500 279 3572; x_wconf 90' lang='grc' dir='ltr'><strong><em>ναί,</em></strong></span> <span class='ocrx_word' id='word_1_343' title='bbox 305 3497 597 3579; x_wconf 89' lang='grc' dir='ltr'><strong><em>φιλανθρωπότατε</em></strong></span> <span class='ocrx_word' id='word_1_344' title='bbox 621 3495 777 3568; x_wconf 81' lang='grc' dir='ltr'><strong><em>δέσποτα,</em></strong></span> <span class='ocrx_word' id='word_1_345' title='bbox 806 3496 875 3573; x_wconf 85' lang='grc' dir='ltr'><strong><em>ναί,</em></strong></span> <span class='ocrx_word' id='word_1_346' title='bbox 899 3494 979 3555; x_wconf 81' lang='grc' dir='ltr'><strong><em>θεοῦ</em></strong></span> <span class='ocrx_word' id='word_1_347' title='bbox 1000 3491 1136 3574; x_wconf 88' lang='grc' dir='ltr'><strong><em>μιμητά,</em></strong></span> <span class='ocrx_word' id='word_1_348' title='bbox 1168 3495 1313 3572; x_wconf 90' lang='grc' dir='ltr'><strong><em>πρόσθες</em></strong></span> <span class='ocrx_word' id='word_1_349' title='bbox 1334 3496 1378 3557; x_wconf 83' lang='grc' dir='ltr'><strong><em>ἐτι</em></strong></span> <span class='ocrx_word' id='word_1_350' title='bbox 1401 3497 1563 3558; x_wconf 81' lang='grc' dir='ltr'><strong><em>καὶτοῦτο</em></strong></span> <span class='ocrx_word' id='word_1_351' title='bbox 1585 3503 1649 3566; x_wconf 88' lang='grc' dir='ltr'><strong><em>τοῖς</em></strong></span> <span class='ocrx_word' id='word_1_352' title='bbox 1672 3492 1802 3566; x_wconf 87' lang='grc' dir='ltr'><strong><em>πολλοῖς</em></strong></span> 
     </span>
     <span class='ocr_line' id='line_1_30' title="bbox 214 3595 1801 3681; baseline -0.003 -18"><span class='ocrx_word' id='word_1_353' title='bbox 214 3603 413 3680; x_wconf 76' lang='grc' dir='ltr'><strong><em>θαυμασίοις</em></strong></span> <span class='ocrx_word' id='word_1_354' title='bbox 435 3617 509 3662; x_wconf 90' lang='grc' dir='ltr'><strong><em>σου·</em></strong></span> <span class='ocrx_word' id='word_1_355' title='bbox 542 3600 687 3681; x_wconf 86' lang='grc' dir='ltr'><strong><em>πρόσθες</em></strong></span> <span class='ocrx_word' id='word_1_356' title='bbox 716 3599 809 3679; x_wconf 83' lang='grc' dir='ltr'><strong><em>ἔργον</em></strong></span> <span class='ocrx_word' id='word_1_357' title='bbox 837 3605 902 3669; x_wconf 90' lang='grc' dir='ltr'><strong><em>τοῖς</em></strong></span> <span class='ocrx_word' id='word_1_358' title='bbox 933 3596 1163 3678; x_wconf 86' lang='grc' dir='ltr'><strong><em>κατορθώμασι</em></strong></span> <span class='ocrx_word' id='word_1_359' title='bbox 1185 3595 1442 3677; x_wconf 88' lang='grc' dir='ltr'><strong><em>παραδείγματος</em></strong></span> <span class='ocrx_word' id='word_1_360' title='bbox 1465 3608 1617 3677; x_wconf 83' lang='grc' dir='ltr'><strong><em>κρεῖττον,</em></strong></span> <span class='ocrx_word' id='word_1_361' title='bbox 1652 3595 1695 3669; x_wconf 83' lang='grc' dir='ltr'><strong><em>ώς</em></strong></span> <span class='ocrx_word' id='word_1_362' title='bbox 1716 3599 1748 3658; x_wconf 82' lang='grc' dir='ltr'><strong><em>εἴ</em></strong></span> <span class='ocrx_word' id='word_1_363' title='bbox 1766 3619 1801 3673; x_wconf 91' lang='grc' dir='ltr'><strong><em>γε</em></strong></span> 
     </span>
     <span class='ocr_line' id='line_1_31' title="bbox 213 3698 1802 3787; baseline -0.003 -20"><span class='ocrx_word' id='word_1_364' title='bbox 213 3703 425 3787; x_wconf 87' lang='grc' dir='ltr'><strong><em>προσθήσεις,</em></strong></span> <span class='ocrx_word' id='word_1_365' title='bbox 460 3709 513 3765; x_wconf 76' lang='grc' dir='ltr'><strong><em>καὶ</em></strong></span> <span class='ocrx_word' id='word_1_366' title='bbox 541 3704 597 3786; x_wconf 85' lang='grc' dir='ltr'><strong><em>τήν</em></strong></span> <span class='ocrx_word' id='word_1_367' title='bbox 625 3706 762 3786; x_wconf 79' lang='grc' dir='ltr'><strong><em>φυσικήν</em></strong></span> <span class='ocrx_word' id='word_1_368' title='bbox 794 3699 981 3783; x_wconf 81' lang='grc' dir='ltr'><strong><em>α’γαθότητα</em></strong></span> <span class='ocrx_word' id='word_1_369' title='bbox 1008 3698 1080 3781; x_wconf 90' lang='grc' dir='ltr'><strong><em>μηδ’</em></strong></span> <span class='ocrx_word' id='word_1_370' title='bbox 1114 3698 1259 3763; x_wconf 85' lang='grc' dir='ltr'><strong><em>ἐνταῦθα</em></strong></span> <span class='ocrx_word' id='word_1_371' title='bbox 1292 3704 1417 3763; x_wconf 88' lang='grc' dir='ltr'><strong><em>παθεῖν</em></strong></span> <span class='ocrx_word' id='word_1_372' title='bbox 1449 3725 1476 3762; x_wconf 92' lang='grc' dir='ltr'><strong><em>τι</em></strong></span> <span class='ocrx_word' id='word_1_373' title='bbox 1510 3701 1590 3780; x_wconf 82' lang='grc' dir='ltr'><strong><em>πρὸς</em></strong></span> <span class='ocrx_word' id='word_1_374' title='bbox 1623 3699 1802 3783; x_wconf 82' lang='grc' dir='ltr'><strong><em>μεταβολήν</em></strong></span> 
     </span>
     <span class='ocr_line' id='line_1_32' title="bbox 211 3802 1801 3892; baseline -0.004 -21"><span class='ocrx_word' id='word_1_375' title='bbox 211 3812 429 3891; x_wconf 79' lang='grc' dir='ltr'><strong><em>συγχωρήσας,</em></strong></span> <span class='ocrx_word' id='word_1_376' title='bbox 451 3806 577 3888; x_wconf 80' lang='grc' dir='ltr'><strong><em>εὐτυχής</em></strong></span> <span class='ocrx_word' id='word_1_377' title='bbox 598 3807 695 3878; x_wconf 88' lang='grc' dir='ltr'><strong><em>ὅντως</em></strong></span> <span class='ocrx_word' id='word_1_378' title='bbox 719 3805 756 3868; x_wconf 83' lang='grc' dir='ltr'><strong><em>ού</em></strong></span> <span class='ocrx_word' id='word_1_379' title='bbox 779 3810 833 3865; x_wconf 75' lang='grc' dir='ltr'><strong><em>καὶ</em></strong></span> <span class='ocrx_word' id='word_1_380' title='bbox 856 3802 989 3886; x_wconf 83' lang='grc' dir='ltr'><strong><em>ζηλωτός</em></strong></span> <span class='ocrx_word' id='word_1_381' title='bbox 1010 3807 1063 3863; x_wconf 77' lang='grc' dir='ltr'><strong><em>καὶ</em></strong></span> <span class='ocrx_word' id='word_1_382' title='bbox 1085 3804 1255 3885; x_wconf 89' lang='grc' dir='ltr'><strong><em>μακάριος,</em></strong></span> <span class='ocrx_word' id='word_1_383' title='bbox 1277 3802 1324 3866; x_wconf 84' lang='grc' dir='ltr'><strong><em>ὅτι</em></strong></span> <span class='ocrx_word' id='word_1_384' title='bbox 1345 3809 1422 3883; x_wconf 88' lang='grc' dir='ltr'><strong><em>μετά</em></strong></span> <span class='ocrx_word' id='word_1_385' title='bbox 1446 3808 1501 3888; x_wconf 85' lang='grc' dir='ltr'><strong><em>τήν</em></strong></span> <span class='ocrx_word' id='word_1_386' title='bbox 1522 3802 1558 3866; x_wconf 92' lang='grc' dir='ltr'><strong><em>ἐν</em></strong></span> <span class='ocrx_word' id='word_1_387' title='bbox 1579 3803 1619 3892; x_wconf 75' lang='grc' dir='ltr'><strong><em>γῇ</em></strong></span> <span class='ocrx_word' id='word_1_388' title='bbox 1634 3803 1801 3881; x_wconf 87' lang='grc' dir='ltr'><strong><em>βασιλείαν</em></strong></span> 
     </span>
     <span class='ocr_line' id='line_1_33' title="bbox 211 3904 1799 3999; baseline -0.003 -24"><span class='ocrx_word' id='word_1_389' title='bbox 211 3911 372 3999; x_wconf 78' lang='grc' dir='ltr'><strong><em>α’πολήψη</em></strong></span> <span class='ocrx_word' id='word_1_390' title='bbox 395 3916 448 3972; x_wconf 78' lang='grc' dir='ltr'><strong><em>καὶ</em></strong></span> <span class='ocrx_word' id='word_1_391' title='bbox 469 3911 525 3992; x_wconf 81' lang='grc' dir='ltr'><strong><em>τήν</em></strong></span> <span class='ocrx_word' id='word_1_392' title='bbox 547 3907 709 3990; x_wconf 81' lang='grc' dir='ltr'><strong><em>οὐράνιον,</em></strong></span> <span class='ocrx_word' id='word_1_393' title='bbox 731 3910 819 3988; x_wconf 78' lang='grc' dir='ltr'><strong><em>εἴπερ</em></strong></span> <span class='ocrx_word' id='word_1_394' title='bbox 843 3905 1001 3988; x_wconf 81' lang='grc' dir='ltr'><strong><em>α’φευδεῖς</em></strong></span> <span class='ocrx_word' id='word_1_395' title='bbox 1023 3904 1058 3968; x_wconf 72' lang='grc' dir='ltr'><strong><em>αἱ</em></strong></span> <span class='ocrx_word' id='word_1_396' title='bbox 1078 3911 1220 3987; x_wconf 91' lang='grc' dir='ltr'><strong><em>γραφαί,</em></strong></span> <span class='ocrx_word' id='word_1_397' title='bbox 1254 3907 1432 3990; x_wconf 82' lang='grc' dir='ltr'><strong><em>τηλικοῦτον</em></strong></span> <span class='ocrx_word' id='word_1_398' title='bbox 1455 3906 1605 3970; x_wconf 83' lang='grc' dir='ltr'><strong><em>ἔπαθλον</em></strong></span> <span class='ocrx_word' id='word_1_399' title='bbox 1627 3904 1799 3985; x_wconf 81' lang='grc' dir='ltr'><strong><em>ὑπισχνού-</em></strong></span> 
     </span>
     <span class='ocr_line' id='line_1_34' title="bbox 208 4008 1800 4099; baseline -0.003 -19"><span class='ocrx_word' id='word_1_400' title='bbox 208 4040 303 4099; x_wconf 90' lang='grc' dir='ltr'><strong><em>μεναι</em></strong></span> <span class='ocrx_word' id='word_1_401' title='bbox 332 4027 397 4089; x_wconf 90' lang='grc' dir='ltr'><strong><em>τοῖς</em></strong></span> <span class='ocrx_word' id='word_1_402' title='bbox 424 4014 566 4091; x_wconf 80' lang='grc' dir='ltr'><strong><em>α’γαθοῖς</em></strong></span> <span class='ocrx_word' id='word_1_403' title='bbox 595 4016 648 4072; x_wconf 73' lang='grc' dir='ltr'><strong><em>καί</em></strong></span> <span class='ocrx_word' id='word_1_404' title='bbox 676 4009 786 4074; x_wconf 87' lang='grc' dir='ltr'><strong><em>εύθέσι</em></strong></span> <span class='ocrx_word' id='word_1_405' title='bbox 818 4015 898 4072; x_wconf 85' lang='grc' dir='ltr'><strong><em>κατά</em></strong></span> <span class='ocrx_word' id='word_1_406' title='bbox 929 4014 962 4072; x_wconf 81' lang='grc' dir='ltr'><strong><em>σὲ</em></strong></span> <span class='ocrx_word' id='word_1_407' title='bbox 991 4012 1047 4092; x_wconf 80' lang='grc' dir='ltr'><strong><em>τήν</em></strong></span> <span class='ocrx_word' id='word_1_408' title='bbox 1076 4009 1224 4090; x_wconf 82' lang='grc' dir='ltr'><strong><em>καρδίαν.</em></strong></span> <span class='ocrx_word' id='word_1_409' title='bbox 1273 4008 1492 4090; x_wconf 73' lang='grc' dir='ltr'><strong><em>10εὐτυχοῖμεν</em></strong></span> <span class='ocrx_word' id='word_1_410' title='bbox 1516 4011 1519 4096; x_wconf 70' lang='grc' dir='ltr'><strong><em>ί</em></strong></span> <span class='ocrx_word' id='word_1_411' title='bbox 1544 4011 1580 4073; x_wconf 77' lang='grc' dir='ltr'><strong><em>δέ</em></strong></span> <span class='ocrx_word' id='word_1_412' title='bbox 1603 4017 1656 4073; x_wconf 81' lang='grc' dir='ltr'><strong><em>καῖ</em></strong></span> <span class='ocrx_word' id='word_1_413' title='bbox 1744 4013 1800 4075; x_wconf 80' lang='lat'><strong><em>74¹</em></strong></span> 
     </span>
     <span class='ocr_line' id='line_1_35' title="bbox 208 4112 1800 4203; baseline -0.006 -20"><span class='ocrx_word' id='word_1_414' title='bbox 208 4119 297 4203; x_wconf 82' lang='grc' dir='ltr'><strong><em>ήμεῖς</em></strong></span> <span class='ocrx_word' id='word_1_415' title='bbox 317 4119 357 4181; x_wconf 90' lang='grc' dir='ltr'><strong><em>τά</em></strong></span> <span class='ocrx_word' id='word_1_416' title='bbox 378 4141 409 4180; x_wconf 89' lang='grc' dir='ltr'><strong><em>τε</em></strong></span> <span class='ocrx_word' id='word_1_417' title='bbox 432 4118 528 4193; x_wconf 81' lang='grc' dir='ltr'><strong><em>ἄλλα,</em></strong></span> <span class='ocrx_word' id='word_1_418' title='bbox 551 4121 605 4177; x_wconf 74' lang='grc' dir='ltr'><strong><em>καὶ</em></strong></span> <span class='ocrx_word' id='word_1_419' title='bbox 627 4115 674 4178; x_wconf 88' lang='grc' dir='ltr'><strong><em>ύτι</em></strong></span> <span class='ocrx_word' id='word_1_420' title='bbox 696 4119 824 4196; x_wconf 82' lang='grc' dir='ltr'><strong><em>τοιούτῳ</em></strong></span> <span class='ocrx_word' id='word_1_421' title='bbox 846 4113 973 4192; x_wconf 84' lang='grc' dir='ltr'><strong><em>βασιλεῖ</em></strong></span> <span class='ocrx_word' id='word_1_422' title='bbox 992 4118 1046 4174; x_wconf 73' lang='grc' dir='ltr'><strong><em>καὶ</em></strong></span> <span class='ocrx_word' id='word_1_423' title='bbox 1068 4112 1204 4198; x_wconf 86' lang='grc' dir='ltr'><strong><em>όεσπύτη</em></strong></span> <span class='ocrx_word' id='word_1_424' title='bbox 1228 4118 1304 4194; x_wconf 86' lang='grc' dir='ltr'><strong><em>πρὸς</em></strong></span> <span class='ocrx_word' id='word_1_425' title='bbox 1321 4114 1429 4175; x_wconf 89' lang='grc' dir='ltr'><strong><em>πάντα</em></strong></span> <span class='ocrx_word' id='word_1_426' title='bbox 1448 4115 1486 4174; x_wconf 90' lang='grc' dir='ltr'><strong><em>τά</em></strong></span> <span class='ocrx_word' id='word_1_427' title='bbox 1510 4116 1592 4197; x_wconf 81' lang='grc' dir='ltr'><strong><em>ἔθνη</em></strong></span> <span class='ocrx_word' id='word_1_428' title='bbox 1612 4120 1690 4193; x_wconf 83' lang='grc' dir='ltr'><strong><em>μετά</em></strong></span> <span class='ocrx_word' id='word_1_429' title='bbox 1714 4136 1800 4194; x_wconf 84' lang='grc' dir='ltr'><strong><em>παρ-</em></strong></span> 
     </span>
     <span class='ocr_line' id='line_1_36' title="bbox 208 4216 1801 4308; baseline -0.005 -23"><span class='ocrx_word' id='word_1_430' title='bbox 208 4225 317 4307; x_wconf 90' lang='grc' dir='ltr'><strong><em>ρησίας</em></strong></span> <span class='ocrx_word' id='word_1_431' title='bbox 347 4223 459 4303; x_wconf 82' lang='grc' dir='ltr'><strong><em>ἔχομεν</em></strong></span> <span class='ocrx_word' id='word_1_432' title='bbox 488 4221 744 4308; x_wconf 84' lang='grc' dir='ltr'><strong><em>ἐναβρύνεσθαι,</em></strong></span> <span class='ocrx_word' id='word_1_433' title='bbox 774 4218 810 4288; x_wconf 67' lang='lat' dir='ltr'><strong><em>tc</em></strong></span> <span class='ocrx_word' id='word_1_434' title='bbox 838 4216 912 4280; x_wconf 79' lang='grc' dir='ltr'><strong><em>ούδὲ</em></strong></span> <span class='ocrx_word' id='word_1_435' title='bbox 942 4227 1006 4290; x_wconf 89' lang='grc' dir='ltr'><strong><em>τοῖς</em></strong></span> <span class='ocrx_word' id='word_1_436' title='bbox 1036 4216 1115 4280; x_wconf 89' lang='grc' dir='ltr'><strong><em>ούτω</em></strong></span> <span class='ocrx_word' id='word_1_437' title='bbox 1145 4218 1370 4298; x_wconf 86' lang='grc' dir='ltr'><strong><em>πονηροτάτοις</em></strong></span> <span class='ocrx_word' id='word_1_438' title='bbox 1400 4217 1514 4297; x_wconf 88' lang='grc' dir='ltr'><strong><em>πικρός</em></strong></span> <span class='ocrx_word' id='word_1_439' title='bbox 1541 4217 1623 4290; x_wconf 88' lang='grc' dir='ltr'><strong><em>ἐστι,</em></strong></span> <span class='ocrx_word' id='word_1_440' title='bbox 1654 4221 1801 4280; x_wconf 84' lang='grc' dir='ltr'><strong><em>τοσούτου</em></strong></span> 
     </span>
     <span class='ocr_line' id='line_1_37' title="bbox 207 4317 1799 4406; baseline -0.005 -18"><span class='ocrx_word' id='word_1_441' title='bbox 207 4325 340 4389; x_wconf 86' lang='grc' dir='ltr'><strong><em>άποδέει</em></strong></span> <span class='ocrx_word' id='word_1_442' title='bbox 363 4336 426 4398; x_wconf 89' lang='grc' dir='ltr'><strong><em>τοῖς</em></strong></span> <span class='ocrx_word' id='word_1_443' title='bbox 448 4327 490 4406; x_wconf 85' lang='grc' dir='ltr'><strong><em>μή</em></strong></span> <span class='ocrx_word' id='word_1_444' title='bbox 513 4325 670 4393; x_wconf 85' lang='grc' dir='ltr'><strong><em>τοιούτοις.</em></strong></span> <span class='ocrx_word' id='word_1_445' title='bbox 716 4320 850 4393; x_wconf 80' lang='grc' dir='ltr'><strong><em>11οὕτως</em></strong></span> <span class='ocrx_word' id='word_1_446' title='bbox 873 4317 929 4384; x_wconf 89' lang='grc' dir='ltr'><strong><em>ούν</em></strong></span> <span class='ocrx_word' id='word_1_447' title='bbox 951 4320 1039 4402; x_wconf 72' lang='grc' dir='ltr'><strong><em>ἡμεῖς</em></strong></span> <span class='ocrx_word' id='word_1_448' title='bbox 1061 4318 1213 4397; x_wconf 84' lang='grc' dir='ltr'><strong><em>άξιούμεν</em></strong></span> <span class='ocrx_word' id='word_1_449' title='bbox 1246 4324 1300 4380; x_wconf 85' lang='grc' dir='ltr'><strong><em>καὶ</em></strong></span> <span class='ocrx_word' id='word_1_450' title='bbox 1322 4322 1450 4384; x_wconf 81' lang='grc' dir='ltr'><strong><em>τοιαῦτα</em></strong></span> <span class='ocrx_word' id='word_1_451' title='bbox 1479 4318 1624 4399; x_wconf 88' lang='grc' dir='ltr'><strong><em>δεόμεθα</em></strong></span> <span class='ocrx_word' id='word_1_452' title='bbox 1646 4319 1799 4398; x_wconf 87' lang='grc' dir='ltr'><strong><em>μεγαλεῖα</em></strong></span> 
     </span>
     <span class='ocr_line' id='line_1_38' title="bbox 206 4420 1800 4511; baseline -0.006 -18"><span class='ocrx_word' id='word_1_453' title='bbox 206 4440 310 4494; x_wconf 89' lang='grc' dir='ltr'><strong><em>ποιεῖν</em></strong></span> <span class='ocrx_word' id='word_1_454' title='bbox 331 4430 387 4511; x_wconf 90' lang='grc' dir='ltr'><strong><em>τήν</em></strong></span> <span class='ocrx_word' id='word_1_455' title='bbox 408 4451 440 4490; x_wconf 93' lang='grc' dir='ltr'><strong><em>τε</em></strong></span> <span class='ocrx_word' id='word_1_456' title='bbox 462 4429 521 4510; x_wconf 81' lang='grc' dir='ltr'><strong><em>σήν</em></strong></span> <span class='ocrx_word' id='word_1_457' title='bbox 542 4425 750 4508; x_wconf 88' lang='grc' dir='ltr'><strong><em>γαληνότητα,</em></strong></span> <span class='ocrx_word' id='word_1_458' title='bbox 783 4428 837 4484; x_wconf 74' lang='grc' dir='ltr'><strong><em>καί</em></strong></span> <span class='ocrx_word' id='word_1_459' title='bbox 864 4425 919 4496; x_wconf 87' lang='grc' dir='ltr'><strong><em>τάς</em></strong></span> <span class='ocrx_word' id='word_1_460' title='bbox 942 4422 1122 4500; x_wconf 79' lang='grc' dir='ltr'><strong><em>ἁγιωτάτας</em></strong></span> <span class='ocrx_word' id='word_1_461' title='bbox 1144 4421 1316 4495; x_wconf 87' lang='grc' dir='ltr'><strong><em>δεσποίνας</em></strong></span> <span class='ocrx_word' id='word_1_462' title='bbox 1338 4427 1391 4483; x_wconf 76' lang='grc' dir='ltr'><strong><em>καί</em></strong></span> <span class='ocrx_word' id='word_1_463' title='bbox 1412 4422 1600 4498; x_wconf 90' lang='grc' dir='ltr'><strong><em>βασιλίσσας</em></strong></span> <span class='ocrx_word' id='word_1_464' title='bbox 1622 4420 1721 4504; x_wconf 79' lang='grc' dir='ltr'><strong><em>ήμῶν,</em></strong></span> <span class='ocrx_word' id='word_1_465' title='bbox 1745 4423 1800 4498; x_wconf 84' lang='grc' dir='ltr'><strong><em>οὓς</em></strong></span> 
     </span>
     <span class='ocr_line' id='line_1_39' title="bbox 205 4525 1798 4618; baseline -0.006 -23"><span class='ocrx_word' id='word_1_466' title='bbox 205 4533 224 4618; x_wconf 85' lang='grc' dir='ltr'><strong><em>ή</em></strong></span> <span class='ocrx_word' id='word_1_467' title='bbox 248 4537 326 4595; x_wconf 90' lang='grc' dir='ltr'><strong><em>θεία</em></strong></span> <span class='ocrx_word' id='word_1_468' title='bbox 349 4529 447 4612; x_wconf 89' lang='grc' dir='ltr'><strong><em>τριάς,</em></strong></span> <span class='ocrx_word' id='word_1_469' title='bbox 473 4533 489 4614; x_wconf 78' lang='grc' dir='ltr'><strong><em>ὴ</em></strong></span> <span class='ocrx_word' id='word_1_470' title='bbox 513 4530 691 4610; x_wconf 76' lang='grc' dir='ltr'><strong><em>ἀδιαίρετος</em></strong></span> <span class='ocrx_word' id='word_1_471' title='bbox 713 4533 767 4589; x_wconf 76' lang='grc' dir='ltr'><strong><em>καί</em></strong></span> <span class='ocrx_word' id='word_1_472' title='bbox 789 4526 906 4601; x_wconf 78' lang='grc' dir='ltr'><strong><em>α’ίόιος,</em></strong></span> <span class='ocrx_word' id='word_1_473' title='bbox 930 4525 1132 4607; x_wconf 85' lang='grc' dir='ltr'><strong><em>άόιαιρίτους</em></strong></span> <span class='ocrx_word' id='word_1_474' title='bbox 1152 4526 1188 4589; x_wconf 90' lang='grc' dir='ltr'><strong><em>ἐν</em></strong></span> <span class='ocrx_word' id='word_1_475' title='bbox 1210 4527 1354 4590; x_wconf 86' lang='grc' dir='ltr'><strong><em>πλείοσιν</em></strong></span> <span class='ocrx_word' id='word_1_476' title='bbox 1375 4525 1531 4599; x_wconf 89' lang='grc' dir='ltr'><strong><em>ἐνιαυτοῖς</em></strong></span> <span class='ocrx_word' id='word_1_477' title='bbox 1546 4525 1731 4608; x_wconf 85' lang='grc' dir='ltr'><strong><em>συντηρήσει</em></strong></span> <span class='ocrx_word' id='word_1_478' title='bbox 1753 4526 1798 4599; x_wconf 87' lang='grc' dir='ltr'><strong><em>είς</em></strong></span> 
     </span>
     <span class='ocr_line' id='line_1_40' title="bbox 205 4618 1799 4719; baseline -0.007 -20"><span class='ocrx_word' id='word_1_479' title='bbox 205 4637 382 4719; x_wconf 76' lang='grc' dir='ltr'><strong><em>ἀναψυχήν</em></strong></span> <span class='ocrx_word' id='word_1_480' title='bbox 405 4640 457 4697; x_wconf 78' lang='grc' dir='ltr'><strong><em>καί</em></strong></span> <span class='ocrx_word' id='word_1_481' title='bbox 472 4634 675 4716; x_wconf 88' lang='grc' dir='ltr'><strong><em>παράκλησιν</em></strong></span> <span class='ocrx_word' id='word_1_482' title='bbox 696 4636 749 4696; x_wconf 85' lang='grc' dir='ltr'><strong><em>τού</em></strong></span> <span class='ocrx_word' id='word_1_483' title='bbox 771 4632 987 4712; x_wconf 88' lang='grc' dir='ltr'><strong><em>χριστωνύμου</em></strong></span> <span class='ocrx_word' id='word_1_484' title='bbox 1010 4628 1092 4694; x_wconf 88' lang='grc' dir='ltr'><strong><em>λαού</em></strong></span> <span class='ocrx_word' id='word_1_485' title='bbox 1116 4635 1169 4692; x_wconf 75' lang='grc' dir='ltr'><strong><em>καί</em></strong></span> <span class='ocrx_word' id='word_1_486' title='bbox 1191 4634 1253 4692; x_wconf 84' lang='grc' dir='ltr'><strong><em>τών</em></strong></span> <span class='ocrx_word' id='word_1_487' title='bbox 1273 4629 1446 4713; x_wconf 76' lang='grc' dir='ltr'><strong><em>ἐκκλησιῶν</em></strong></span> <span class='ocrx_word' id='word_1_488' title='bbox 1467 4633 1520 4692; x_wconf 74' lang='grc' dir='ltr'><strong><em>τοτ’</em></strong></span> <span class='ocrx_word' id='word_1_489' title='bbox 1536 4631 1618 4692; x_wconf 82' lang='grc' dir='ltr'><strong><em>θεοῦ</em></strong></span> <span class='ocrx_word' id='word_1_490' title='bbox 1640 4618 1799 4711; x_wconf 85' lang='grc' dir='ltr'><strong><em>διαμονήν</em></strong></span> 
     </span>
     <span class='ocr_line' id='line_1_41' title="bbox 204 4740 491 4803; baseline -0.014 0"><span class='ocrx_word' id='word_1_491' title='bbox 204 4763 236 4803; x_wconf 86' lang='grc' dir='ltr'><strong><em>τε</em></strong></span> <span class='ocrx_word' id='word_1_492' title='bbox 258 4746 312 4802; x_wconf 75' lang='grc' dir='ltr'><strong><em>καὶ</em></strong></span> <span class='ocrx_word' id='word_1_493' title='bbox 335 4740 491 4803; x_wconf 90' lang='grc' dir='ltr'><strong><em>σύστασιν.</em></strong></span> 
     </span>
     <span class='ocr_line' id='line_1_42' title="bbox 275 4855 1647 4928; baseline -0.007 -11"><span class='ocrx_word' id='word_1_494' title='bbox 275 4867 290 4916; x_wconf 84' lang='grc'>6</span> <span class='ocrx_word' id='word_1_495' title='bbox 309 4862 386 4917; x_wconf 86' lang='lat' dir='ltr'>Hebr</span> <span class='ocrx_word' id='word_1_496' title='bbox 404 4880 427 4927; x_wconf 83' lang='grc' dir='ltr'><strong><em>τ,</em></strong></span> <span class='ocrx_word' id='word_1_497' title='bbox 447 4866 461 4913; x_wconf 87' lang='grc'><strong>8</strong></span> <span class='ocrx_word' id='word_1_498' title='bbox 479 4860 572 4928; x_wconf 83' lang='lat' dir='ltr'><strong>Ephea</strong></span> <span class='ocrx_word' id='word_1_499' title='bbox 592 4875 614 4923; x_wconf 86' lang='lat'><strong><em>1,</em></strong></span> <span class='ocrx_word' id='word_1_500' title='bbox 631 4877 661 4911; x_wconf 85' lang='lat'><strong><em>22</em></strong></span> <span class='ocrx_word' id='word_1_501' title='bbox 677 4857 681 4928; x_wconf 67' lang='grc' dir='ltr'><strong><em>ή</em></strong></span> <span class='ocrx_word' id='word_1_502' title='bbox 698 4862 712 4909; x_wconf 85' lang='lat'>6</span> <span class='ocrx_word' id='word_1_503' title='bbox 733 4858 894 4912; x_wconf 78' lang='lat' dir='ltr'><strong>Matthaeus</strong></span> <span class='ocrx_word' id='word_1_504' title='bbox 912 4861 936 4922; x_wconf 85' lang='lat'><strong><em>6,</em></strong></span> <span class='ocrx_word' id='word_1_505' title='bbox 955 4877 985 4923; x_wconf 86' lang='lat'><strong><em>¹4</em></strong></span> <span class='ocrx_word' id='word_1_506' title='bbox 1001 4859 1036 4925; x_wconf 85' lang='grc'><strong><em>16</em></strong></span> <span class='ocrx_word' id='word_1_507' title='bbox 1055 4856 1217 4911; x_wconf 70' lang='lat' dir='ltr'><strong>Matthaeus</strong></span> <span class='ocrx_word' id='word_1_508' title='bbox 1235 4876 1259 4923; x_wconf 84' lang='lat'><strong><em>7,</em></strong></span> <span class='ocrx_word' id='word_1_509' title='bbox 1278 4876 1292 4910; x_wconf 86' lang='lat'>2</span> <span class='ocrx_word' id='word_1_510' title='bbox 1308 4861 1313 4922; x_wconf 93' lang='grc' dir='ltr'>Ι</span> <span class='ocrx_word' id='word_1_511' title='bbox 1330 4862 1343 4909; x_wconf 89' lang='lat'>8</span> <span class='ocrx_word' id='word_1_512' title='bbox 1363 4856 1433 4908; x_wconf 78' lang='grc' dir='ltr'><strong><em>ἄλλω</em></strong></span> <span class='ocrx_word' id='word_1_513' title='bbox 1452 4855 1647 4925; x_wconf 71' lang='lat' dir='ltr'><strong>apographum</strong></span> 
     </span>
    </p>
   </div>
   <div class='ocr_carea' id='block_1_3' title="bbox 0 0 2284 6171">
    <p class='ocr_par' dir='ltr' id='par_1_3' title="bbox 0 0 2284 6171">
     <span class='ocr_line' id='line_1_43' title="bbox 0 0 2284 6171; baseline 0 0"><span class='ocrx_word' id='word_1_514' title='bbox 0 0 2284 6171; x_wconf 95' lang='lat' dir='ltr'><strong><em> </em></strong></span> 
     </span>
    </p>
   </div>
  </div>
 </body>
</html>
