4560 6172
343 494 406 560 200
1850 500 1929 566 187

346 669 398 725 καί
419 666 472 728 τοῦ
493 661 728 742 ἐπαγγέλματος
750 663 852 736 ἀξιον.
882 665 936 724 καὶ
965 660 1045 746 μηδέ
1075 685 1120 735 τις
1148 662 1275 743 δριμείοτ
1304 669 1359 727 καί
1387 666 1473 750 δεινή
1504 668 1683 750 κακοήθεια
1716 680 1781 742 τοῖς
1801 668 1924 733 ἐκείνου

346 766 537 846 σπλάγχνοις
560 766 761 854 όποικσυρή*,
786 768 807 849 ή
828 770 907 829 πάσι
931 767 1060 845 τρόποις
1081 767 1207 829 ἐκεῖθεν
1224 767 1262 852 λδ
1286 775 1422 844 τοιοῦτος
1444 774 1693 857 ἀπελαθήσεται,
1718 776 1780 834 κάν
1846 775 1925 839 288ι

346 872 473 955 φθάσαι
496 872 577 933 κατά
598 893 668 934 τινα
691 872 898 952 ουναρπαγήν
919 870 1122 953 προβληθείς,
1147 869 1455 952 ἀντικαθισταμένου
1476 882 1518 962 τῶ
1543 877 1654 963 θρόνῳ
1676 883 1730 941 τοῦ
1752 877 1924 953 ἀξιολογω-

345 981 435 1060 τέρου
458 983 509 1039 καλ
532 981 711 1056 κρείττονος.

435 1080 566 1143 ΠἈλλά
597 1085 691 1146 ταῦτα
720 1085 780 1159 μὲν
809 1078 876 1142 οίον
906 1081 1117 1161 διαμαρτυρία
1145 1104 1189 1153 τις
1219 1082 1298 1160 πρὸς
1328 1085 1399 1155 τούς
1429 1088 1571 1164 όστερον·
1605 1084 1641 1150 στ’
1671 1089 1733 1167 μήν
1763 1085 1836 1149 ἀλλ’
1867 1085 1926 1166 οόχ

346 1188 453 1270 η’κιστα
483 1192 535 1248 καί
563 1191 596 1249 τό
627 1187 739 1265 κράτος
762 1183 850 1268 ήμῶν
872 1183 951 1246 αότό
972 1209 1002 1246 τε
1027 1189 1184 1258 παντοίως
1206 1185 1425 1268 ἐπιμελήσεται
1447 1192 1499 1270 τής
1521 1194 1575 1250 τοῦ
1599 1189 1822 1271 νομοφύλακας
1844 1213 1927 1270 προ·

348 1295 519 1371 χειρίστας,
553 1292 594 1350 ἀν
623 1294 677 1349 καὶ
704 1288 804 1351 πόλιν
833 1292 940 1354 τούτου
963 1289 1088 1370 δεήσοι,
1119 1293 1171 1350 καῖ
1194 1300 1257 1363 τοϊς
1277 1293 1353 1368 μεθ’
1377 1290 1458 1372 ἡμᾶς
1480 1294 1661 1370 βασιλεῦσιν
1682 1295 1864 1376 ἐπισκήπτει
1887 1298 1925 1357 τά

349 1395 576 1475 παραπλήσια·
609 1393 771 1474 μηδὲγὰρ
802 1393 865 1455 ίδοι
894 1416 921 1454 τι
950 1397 1090 1455 τοιοῦτον
1120 1392 1320 1472 τολμώμενον
1349 1395 1490 1460 ἐνταῦθα
1520 1396 1537 1458 ό
1571 1397 1672 1477 ήλιος,
1706 1397 1758 1461 σία
1780 1401 1843 1460 κάν
1864 1410 1929 1472 τοίς

349 1499 460 1570 ἀλλοις
482 1497 579 1560 ἐνίοτε
601 1499 764 1576 συμβαίνει
785 1499 987 1580 μαθήμασιν,
1016 1491 1061 1558 ῶν
1083 1501 1137 1558 ίνοι
1159 1497 1259 1579 μηδὲν
1280 1500 1359 1559 εἴπω
1382 1499 1491 1575 πλέον,
1523 1499 1581 1564 σείει
1602 1503 1726 1564 ἐπαινῶ
1748 1508 1785 1564 τά
1809 1502 1928 1564 πολλά.

436 1601 461 1640 ¹⁸
471 1607 533 1663 τῶν
556 1599 630 1678 παρ’
653 1600 781 1671 ἐκείνοις
803 1604 908 1662 τοίνυν
930 1599 1219 1682 πλημμελουμένων
1242 1601 1283 1662 δι’
1308 1600 1503 1682 ἀπροσεξίαν
1527 1607 1545 1686 ή
1565 1612 1618 1665 καί
1642 1609 1808 1689 σκαιότητα
1832 1607 1927 1669 σείδέν

348 1708 509 1779 παντελῶς
538 1706 590 1766 ἐπὶ
619 1708 672 1766 τσῦ
701 1707 839 1782 θέματος
867 1703 975 1768 τούτου
1003 1706 1068 1764 κατ’
1090 1702 1208 1765 οδδένα
1237 1705 1354 1784 χρόνον
1376 1709 1396 1788 η“
1417 1709 1537 1786 τρόπον
1559 1705 1744 1787 ἀνεχόμεθα
1765 1714 1926 1787 γίνεσθαι,

350 1811 422 1874 ἀλλ’
444 1812 565 1873 ἐκείνου
587 1807 630 1880 είς
653 1808 765 1888 ταύτην
786 1811 840 1888 τήν
862 1806 1035 1887 προεδρίαν
1058 1806 1226 1883 καλοῦμεν,
1249 1809 1370 1870 ἐκεῖνον
1391 1809 1436 1881 είς
1451 1811 1484 1872 τό
1498 1809 1582 1891 ὕψος
1596 1817 1651 1874 τοῦ
1667 1812 1802 1887 ζηλωτοί·
1818 1816 1927 1876 τουτου

350 1920 472 1997 θρόνου
495 1911 764 1994 παραδεχόμεθα,
788 1915 841 1972 τόν
863 1909 980 1975 αὐτόθι
1000 1913 1059 1990 μὲν
1081 1913 1118 1973 τά
1142 1916 1203 1974 τῶν
1225 1917 1334 1991 κόμαν
1356 1912 1473 1987 λκανῶς
1494 1915 1728 1998 έξασκήσαντα,
1753 1914 1869 1982 αὐτόθι
1893 1918 1928 1980 δέ

351 2032 464 2101 πεῖραν
486 2019 599 2081 ἑαυτοῦ
622 2014 783 2077 δεδωκότα
813 2021 866 2074 καί
894 2022 955 2076 τῶν
987 2013 1099 2077 ἑαυτοῦ
1128 2014 1261 2099 πλείστῳ
1289 2020 1391 2099 μέτρῳ
1413 2016 1610 2094 διενεγκόντα
1633 2024 1850 2104 συμφοιτητῶν
1870 2045 1928 2098 με-

352 2126 447 2208 ήγέθει
469 2145 499 2184 τε
520 2121 644 2201 φάσεως
666 2123 718 2180 καὶ
741 2117 882 2202 σπουδής
902 2116 1039 2198 εῶτσνίᾳ,
1072 2121 1114 2182 ε’ττ
1136 2119 1172 2182 δὲ
1195 2127 1247 2181 καὶ
1268 2122 1409 2204 γλώσσης
1429 2122 1540 2202 εὐροίᾳ
1562 2131 1615 2184 καὶ
1638 2125 1783 2206 πολυμα-
1849 2126 1930 2192 288²

351 2231 444 2298 θείας
466 2226 631 2303 περιουσίᾳ
651 2227 704 2284 καὶ
732 2262 764 2272 -
788 2226 821 2286 τό
842 2226 986 2302 μέγιστον
1008 2224 1137 2285 πάντων
1158 2261 1194 2272 -
1222 2226 1346 2303 τρόπων
1369 2230 1557 2308 χρηστότητι·
1581 2227 1754 2290 συνελόντα
1770 2228 1799 2290 δ’
1814 2229 1927 2303 είπείν,

352 2330 416 2405 ολος
437 2324 525 2402 οὗτος
546 2325 563 2388 ό
587 2328 708 2407 πρῶτος
730 2328 805 2406 παρ’
826 2324 916 2408 ήμῶν
938 2327 1148 2410 προβληθείς,
1178 2328 1231 2390 ἐπί
1260 2352 1291 2390 τε
1318 2340 1381 2401 τοῖς
1409 2331 1521 2404 ἀλλοις
1547 2334 1580 2393 τό
1610 2331 1825 2413 ἀνεπίληπτον
1846 2334 1928 2412 ἔχων

352 2442 404 2498 καὶ
431 2439 483 2516 τής
511 2433 573 2494 τῶν
602 2430 724 2492 λοιπῶν
751 2431 954 2511 μαθημάτων
983 2429 1040 2509 οὐχ
1069 2426 1158 2512 ήττσν
1187 2432 1207 2510 ή
1235 2436 1287 2512 τῆς
1314 2436 1377 2494 τῶν
1407 2434 1514 2512 νόμων
1535 2435 1683 2518 είδήσεως
1704 2435 1928 2515 ἐμπειρότατος

352 2543 412 2606 ὤν·
442 2537 630 2617 βουλόμεθα
653 2533 713 2613 γάρ
735 2535 805 2606 τοὺς
826 2533 926 2615 ίεροός
946 2532 1034 2617 ήμῶν
1057 2534 1174 2614 νόμους
1194 2533 1290 2596 οἶονεί
1312 2555 1369 2598 τισι
1392 2536 1550 2618 λαμπροῖς
1572 2539 1764 2620 δορυφόροις
1785 2545 1928 2621 χρῆσθαι

351 2657 415 2718 τοῖς
436 2643 556 2719 λόγοις,
587 2643 639 2701 καὶ
671 2641 835 2717 πανταχοῦ
863 2640 937 2719 παρ’
959 2638 1088 2699 ἐκείνων
1117 2636 1160 2710 τός
1184 2638 1324 2716 βασιλεῖς
1345 2645 1406 2702 τῶν
1428 2641 1513 2703 ὅλων
1535 2646 1729 2723 πραγμάτοιν
1750 2639 1929 2724 ὑπερασπί-

353 2751 464 2824 ζεσθαί
486 2769 515 2807 τε
543 2747 597 2806 καλ
626 2743 915 2823 προπομπεόεσθαι
943 2742 987 2813 είς
1018 2743 1106 2823 τιμήν
1137 2740 1216 2820 όμσῦ
1244 2749 1297 2804 καὶ
1326 2743 1510 2826 ἀσφάλειαν
1541 2750 1621 2827 πρός
1649 2752 1717 2821 τοὺς
1745 2747 1930 2828 ἐπηρεάζειν

355 2852 460 2925 αι’τοίς
481 2852 515 2914 ἐκ
538 2853 590 2931 τής
613 2848 811 2929 θρασυτάτης
833 2843 888 2910 οὐκ
911 2844 1083 2918 ὀκνοῦντας
1104 2854 1299 2928 σοφιστικῆς·
1330 2847 1368 2910 υό
1396 2852 1458 2928 γάρ
1492 2849 1530 2932 δή
1563 2850 1725 2935 ῥητορικήν
1756 2855 1859 2935 φαίην
1887 2855 1929 2915 ἀν

354 2961 408 3039 τήν
430 2957 463 3017 τό
487 2956 632 3016 πιθανόν
656 2949 832 3020 ἀπιθάνως
855 2951 875 3028 η’
896 2953 949 3010 καὶ
971 2952 1121 3022 πιθανῶς
1142 2952 1174 3011 τό
1198 2948 1366 3014 ἀπίθανον
1388 2954 1680 3028 κατασκευάζουσαν
1702 2958 1820 3036 τέχνην.

444 3055 552 3120 19Οίον
569 3057 604 3120 δὲ
618 3057 731 3136 μικροῦ
750 3058 803 3115 καλ
818 3052 969 3135 διέφυγεν
990 3054 1073 3136 ήμάς
1096 3054 1285 3134 παρελθόνί
1306 3056 1373 3117 ἐπεὶ
1395 3061 1455 3137 γάρ
1479 3057 1569 3134 ἀπαξ
1590 3060 1793 3143 ἐμνήσθημεν
1815 3062 1932 3138 συμβο-

355 3162 564 3243 λαιογροίφων
586 3164 639 3222 καί
662 3160 853 3243 συνηγόρων,
886 3155 1064 3234 ἀναγκαίαν
1093 3155 1246 3240 ρι’ήθημεν
1275 3164 1331 3218 καί
1351 3163 1382 3221 τὸ
1406 3164 1472 3222 κατ’
1493 3162 1630 3237 ἐκείνους
1652 3161 1686 3227 εὖ
1708 3167 1850 3236 θέσθαι,
1888 3161 1931 3236 τός

356 3270 563 3345 πανταχόθεν
585 3263 659 3345 ήμτν
682 3265 790 3344 ἀρτισν
811 3266 858 3346 εἴη
881 3266 934 3322 καὶ
957 3260 1035 3322 κατὰ
1059 3261 1158 3345 μηδὲν
1179 3263 1302 3335 ἐλλιπὲς
1324 3266 1356 3325 τό
1381 3269 1451 3344 περὶ
1473 3270 1542 3338 τσός
1565 3268 1682 3346 νόμους
1704 3273 1792 3330 τοῦτο
1816 3289 1931 3330 κοινω-

354 3373 542 3456 φελέστατον
564 3369 763 3447 σπούδασμα.

441 3476 468 3512 ²⁰
482 3472 684 3559 Θεήσπίζομεν
704 3470 761 3534 σόν
780 3473 816 3533 τά
836 3480 900 3543 τοίς
919 3469 1070 3541 παλαιοῖς
1089 3469 1314 3552 διηγορευμένα
1330 3472 1439 3548 νόμοις
1454 3479 1525 3553 περὶ
1541 3474 1678 3549 ἐκείνων,
1702 3475 1784 3554 ἀπερ
1851 3477 1932 3541 289ι

354 3581 413 3663 ήδη
426 3577 539 3658 σχεδόν
554 3574 622 3639 ἀντὶ
637 3581 678 3658 μή
694 3579 918 3653 γεγραμμένων
934 3574 1118 3650 νομίζεσθαι
1135 3573 1151 3655 ή
1168 3571 1301 3653 ἀχρησία
1317 3580 1476 3657 πεποίηκε,
1493 3581 1547 3659 τήν
1562 3579 1650 3640 ίδίαν
1666 3583 1718 3638 καὶ
1734 3578 1833 3639 πάλιν
1848 3579 1932 3657 ἔχειν

356 3684 460 3763 ἐσχόν,
492 3689 545 3744 καί
572 3684 615 3763 μή
645 3682 747 3760 μόνον
777 3678 889 3753 αότοός
919 3678 1024 3740 πάντα
1046 3678 1165 3757 τρόπον
1186 3678 1331 3740 ἐκπονεῖν
1353 3686 1406 3740 καί
1427 3687 1613 3759 μανθάνειν
1632 3682 1788 3760 ἐπιμελῶς
1810 3685 1847 3743 τά
1870 3687 1934 3745 τῶν

357 3790 465 3867 νόμων
487 3788 575 3866 παρὰ
599 3789 641 3869 τῷ
662 3783 838 3866 λογιωτάτῳ
862 3782 1075 3864 νομοφύλακι,
1098 3781 1182 3843 ἀλλά
1206 3781 1278 3864 μηδ’
1300 3782 1502 3846 ἐντάττεσθαι
1524 3787 1676 3866 πρότερον
1699 3796 1762 3859 τοίς
1782 3787 1934 3860 τοιούτοις

357 3896 546 3974 συστήμασι,
576 3897 651 3971 πρὶν
673 3893 715 3949 ἀν
737 3881 825 3961 οὗτος
847 3886 941 3960 αότός
963 3885 980 3948 ό
1004 3883 1196 3957 διδάσκαλος
1219 3883 1325 3958 αδτοτς
1347 3885 1608 3971 ἐπιμαρτυρήσοι,
1638 3896 1691 3952 καὶ
1720 3891 1774 3970 τήν
1804 3889 1935 3952 ἐκείνων

357 3995 523 4078 όπόληψιν
544 3994 598 4056 ἐπί
619 4017 649 4055 τε
671 3997 708 4080 κη’
727 3996 789 4054 τῶν
813 3992 919 4068 νόμων
939 3991 1082 4072 μαθήσει
1104 3996 1157 4050 καὶ
1179 3991 1214 4076 τη
1237 3989 1332 4077 λοιπή
1355 3989 1502 4074 δεξιότητι
1527 4033 1568 4040 -
1592 3994 1725 4076 γλῶττης
1745 3992 1814 4071 ἀμα
1838 3998 1935 4083 φανῇ

358 4106 410 4162 καὶ
433 4102 533 4178 χειρός
553 4100 663 4185 γραφή
685 4135 726 4143 -
748 4096 927 4174 βεβαιῶσαι.
1586 4089 1589 4094 ’

445 4205 469 4240 ’·’“
489 4204 554 4264 Τόν
577 4202 611 4262 δέ·
635 4204 723 4281 παρά
745 4203 852 4264 τοῦτον
873 4203 927 4261 τόν
948 4196 1049 4259 τόπον
1069 4197 1183 4260 ἑαυτὸν
1204 4197 1248 4268 είς
1270 4201 1338 4269 τοὺς
1361 4198 1549 4280 συνηγόρους
1579 4202 1598 4277 η’
1628 4204 1697 4271 τούς
1719 4202 1938 4280 καλουμένους

356 4296 640 4388 ταβουλλαρίους810
664 4307 858 4386 παρενείρειν
878 4302 1040 4379 τολμῶντα
1063 4300 1159 4383 μηδὲν
1183 4302 1262 4360 καθ’
1284 4302 1374 4376 άπαξ
1396 4304 1571 4384 κερδαίνειν
1593 4307 1627 4366 έκ
1649 4311 1701 4386 τῆς
1722 4302 1836 4366 ἑαυτοῦ
1852 4327 1937 4384 προ-

358 4416 488 4486 πετείας,
511 4409 582 4472 ἀλλ’
605 4407 704 4483 αὖθις
726 4410 852 4471 ἐκεῖθεν
873 4407 1073 4482 ἐξωθεῖσθαι
1095 4407 1171 4484 μετά
1196 4405 1416 4488 σφοδρότητος,
1438 4407 1477 4480 ὡς
1499 4411 1540 4470 ἀν
1556 4408 1589 4470 ἐκ
1609 4413 1659 4472 τοῦ
1677 4413 1798 4469 παθεῖν
1814 4409 1938 4493 ἐπιγνῷ

355 4520 460 4601 μηκέτι
483 4521 537 4599 τήν
558 4517 602 4589 είς
625 4515 719 4594 δεῦρο
742 4515 941 4596 κρατήσασαν
964 4511 1015 4573 ἐπ’
1036 4507 1142 4583 αάτυίς
1164 4507 1373 4591 ἀδιαφορίαν,
1397 4511 1481 4574 ἀλλά
1505 4515 1559 4596 τήν
1581 4514 1792 4594 ἀρχαιοτάτην
1813 4511 1939 4595 ἐκείνην

357 4622 518 4705 ἀκρίβειαν
538 4625 600 4682 τῶν
621 4621 730 4701 νόμων
751 4617 1034 4698 ἐμπολιτευομένην
1056 4616 1126 4696 ἀρτι
1148 4625 1211 4686 τοῖς
1234 4617 1409 4696 πράγμασι,
1432 4619 1511 4701 μηδὲ
1537 4618 1668 4702 δῶρημα
1691 4619 1781 4699 τύχης
1803 4619 1822 4698 ή
1844 4639 1940 4697 περι-

429 4854 457 4901 τέ
476 4846 628 4917 δποικουρεί
646 4847 733 4903 codex
