<?xml version="1.0" encoding="UTF-8"?>
<!DOCTYPE html PUBLIC "-//W3C//DTD XHTML 1.0 Transitional//EN"
    "http://www.w3.org/TR/xhtml1/DTD/xhtml1-transitional.dtd">
<html xmlns="http://www.w3.org/1999/xhtml" xml:lang="en" lang="en">
 <head>
  <title>
</title>
<meta http-equiv="Content-Type" content="text/html;charset=utf-8" />
  <meta name='ocr-system' content='tesseract 3.04.00' />
  <meta name='ocr-capabilities' content='ocr_page ocr_carea ocr_par ocr_line ocrx_word'/>
</head>
<body>
  <div class='ocr_page' id='page_1' title='image "./iohanniseuchait00vatigoog_0145.png"; bbox 0 0 4560 6172; ppageno 0'>
   <div class='ocr_carea' id='block_1_1' title="bbox 499 526 2083 611">
    <p class='ocr_par' dir='ltr' id='par_1_1' title="bbox 499 526 2083 611">
     <span class='ocr_line' id='line_1_1' title="bbox 499 526 2083 611; baseline 0.004 -23"><span class='ocrx_word' id='word_1_1' title='bbox 499 526 561 589; x_wconf 83' lang='lat'><strong><em>104</em></strong></span> <span class='ocrx_word' id='word_1_2' title='bbox 1047 606 1050 611; x_wconf 16' lang='lat'><strong>⁴</strong></span> <span class='ocrx_word' id='word_1_3' title='bbox 2006 530 2083 595; x_wconf 78' lang='lat'><strong><em>177</em></strong></span> 
     </span>
    </p>
   </div>
   <div class='ocr_carea' id='block_1_2' title="bbox 413 690 2087 4723">
    <p class='ocr_par' dir='ltr' id='par_1_2' title="bbox 413 690 2087 4619">
     <span class='ocr_line' id='line_1_2' title="bbox 491 690 2085 780; baseline 0.003 -26"><span class='ocrx_word' id='word_1_4' title='bbox 491 698 546 755; x_wconf 80' lang='grc' dir='ltr'><strong><em>καὶ</em></strong></span> <span class='ocrx_word' id='word_1_5' title='bbox 568 696 725 774; x_wconf 77' lang='grc' dir='ltr'><strong><em>φοβητέον</em></strong></span> <span class='ocrx_word' id='word_1_6' title='bbox 756 690 832 775; x_wconf 75' lang='grc' dir='ltr'><strong><em>ἡμῖν</em></strong></span> <span class='ocrx_word' id='word_1_7' title='bbox 865 696 919 752; x_wconf 78' lang='grc' dir='ltr'><strong><em>καὶ</em></strong></span> <span class='ocrx_word' id='word_1_8' title='bbox 951 691 1130 773; x_wconf 79' lang='grc' dir='ltr'><strong><em>φυλακτέον</em></strong></span> <span class='ocrx_word' id='word_1_9' title='bbox 1163 691 1207 764; x_wconf 86' lang='grc' dir='ltr'><strong><em>είς</em></strong></span> <span class='ocrx_word' id='word_1_10' title='bbox 1230 691 1376 771; x_wconf 86' lang='grc' dir='ltr'><strong><em>δύναμιν.</em></strong></span> <span class='ocrx_word' id='word_1_11' title='bbox 1399 698 1500 756; x_wconf 84' lang='grc' dir='ltr'><strong><em>καίτοι</em></strong></span> <span class='ocrx_word' id='word_1_12' title='bbox 1533 697 1603 757; x_wconf 89' lang='grc' dir='ltr'><strong><em>τίνα</em></strong></span> <span class='ocrx_word' id='word_1_13' title='bbox 1625 698 1669 767; x_wconf 89' lang='grc' dir='ltr'><strong><em>τίς</em></strong></span> <span class='ocrx_word' id='word_1_14' title='bbox 1691 695 1733 755; x_wconf 89' lang='grc' dir='ltr'><strong><em>ἀν</em></strong></span> <span class='ocrx_word' id='word_1_15' title='bbox 1756 699 1943 780; x_wconf 82' lang='grc' dir='ltr'><strong><em>καταφυγήν</em></strong></span> <span class='ocrx_word' id='word_1_16' title='bbox 1974 696 2085 778; x_wconf 81' lang='grc' dir='ltr'><strong><em>ἑτέραν</em></strong></span> 
     </span>
     <span class='ocr_line' id='line_1_3' title="bbox 489 794 2084 884; baseline 0.003 -26"><span class='ocrx_word' id='word_1_17' title='bbox 489 796 609 879; x_wconf 72' lang='grc' dir='ltr'><strong><em>εἰρήσοι</em></strong></span> <span class='ocrx_word' id='word_1_18' title='bbox 632 806 700 866; x_wconf 88' lang='grc' dir='ltr'><strong><em>ταῖς</em></strong></span> <span class='ocrx_word' id='word_1_19' title='bbox 716 796 874 866; x_wconf 74' lang='grc' dir='ltr'><strong><em>ἐναντίαις</em></strong></span> <span class='ocrx_word' id='word_1_20' title='bbox 897 796 1029 874; x_wconf 87' lang='grc' dir='ltr'><strong><em>κάμνων</em></strong></span> <span class='ocrx_word' id='word_1_21' title='bbox 1044 794 1228 875; x_wconf 88' lang='grc' dir='ltr'><strong><em>δυνάμεσιν,</em></strong></span> <span class='ocrx_word' id='word_1_22' title='bbox 1250 796 1279 857; x_wconf 82' lang='grc' dir='ltr'><strong><em>εί</em></strong></span> <span class='ocrx_word' id='word_1_23' title='bbox 1294 803 1439 861; x_wconf 82' lang='grc' dir='ltr'><strong><em>τοσοῦτον</em></strong></span> <span class='ocrx_word' id='word_1_24' title='bbox 1461 799 1568 880; x_wconf 77' lang='grc' dir='ltr'><strong><em>δεήσοι</em></strong></span> <span class='ocrx_word' id='word_1_25' title='bbox 1592 802 1762 861; x_wconf 77' lang='grc' dir='ltr'><strong><em>πτοεῖσθαι</em></strong></span> <span class='ocrx_word' id='word_1_26' title='bbox 1784 806 1838 862; x_wconf 77' lang='grc' dir='ltr'><strong><em>καί</em></strong></span> <span class='ocrx_word' id='word_1_27' title='bbox 1863 802 1919 874; x_wconf 83' lang='grc' dir='ltr'><strong><em>τάς</em></strong></span> <span class='ocrx_word' id='word_1_28' title='bbox 1942 801 2084 884; x_wconf 73' lang='grc' dir='ltr'><strong><em>φιλίουςς</em></strong></span> 
     </span>
     <span class='ocr_line' id='line_1_4' title="bbox 493 895 2083 981; baseline 0.003 -19"><span class='ocrx_word' id='word_1_29' title='bbox 493 900 573 981; x_wconf 89' lang='grc' dir='ltr'><strong><em>πρός</em></strong></span> <span class='ocrx_word' id='word_1_30' title='bbox 595 902 657 978; x_wconf 82' lang='grc' dir='ltr'><strong><em>γάρ</em></strong></span> <span class='ocrx_word' id='word_1_31' title='bbox 680 898 781 970; x_wconf 87' lang='grc' dir='ltr'><strong><em>ἀλλας</em></strong></span> <span class='ocrx_word' id='word_1_32' title='bbox 811 895 939 970; x_wconf 83' lang='grc' dir='ltr'><strong><em>παντως</em></strong></span> <span class='ocrx_word' id='word_1_33' title='bbox 964 896 1066 980; x_wconf 82' lang='grc' dir='ltr'><strong><em>ἀρχάς</em></strong></span> <span class='ocrx_word' id='word_1_34' title='bbox 1091 898 1141 960; x_wconf 89' lang='grc' dir='ltr'><strong><em>δεῖ</em></strong></span> <span class='ocrx_word' id='word_1_35' title='bbox 1168 899 1343 974; x_wconf 79' lang='grc' dir='ltr'><strong><em>πυκτεύειν,</em></strong></span> <span class='ocrx_word' id='word_1_36' title='bbox 1378 902 1459 981; x_wconf 91' lang='grc' dir='ltr'><strong><em>πρδς</em></strong></span> <span class='ocrx_word' id='word_1_37' title='bbox 1489 901 1592 978; x_wconf 81' lang='grc' dir='ltr'><strong><em>ἄλλας</em></strong></span> <span class='ocrx_word' id='word_1_38' title='bbox 1624 904 1770 979; x_wconf 86' lang='grc' dir='ltr'><strong><em>ἐξουσίας</em></strong></span> <span class='ocrx_word' id='word_1_39' title='bbox 1799 903 2083 980; x_wconf 90' lang='grc' dir='ltr'><strong><em>ἀνταγωνίζεσθαι,</em></strong></span> 
     </span>
     <span class='ocr_line' id='line_1_5' title="bbox 489 1002 2085 1089; baseline 0.001 -22"><span class='ocrx_word' id='word_1_40' title='bbox 489 1006 570 1086; x_wconf 88' lang='grc' dir='ltr'><strong><em>πρδς</em></strong></span> <span class='ocrx_word' id='word_1_41' title='bbox 599 1007 667 1075; x_wconf 74' lang='grc' dir='ltr'><strong><em>τοῦς</em></strong></span> <span class='ocrx_word' id='word_1_42' title='bbox 696 1002 970 1084; x_wconf 77' lang='grc' dir='ltr'><strong><em>κοσμοκράτορας*</em></strong></span> <span class='ocrx_word' id='word_1_43' title='bbox 1010 1007 1066 1067; x_wconf 89' lang='grc' dir='ltr'><strong><em>τοῦ</em></strong></span> <span class='ocrx_word' id='word_1_44' title='bbox 1088 1006 1220 1076; x_wconf 81' lang='grc' dir='ltr'><strong><em>σκότους</em></strong></span> <span class='ocrx_word' id='word_1_45' title='bbox 1248 1008 1301 1067; x_wconf 87' lang='grc' dir='ltr'><strong><em>τοῦ</em></strong></span> <span class='ocrx_word' id='word_1_46' title='bbox 1326 1003 1446 1078; x_wconf 78' lang='grc' dir='ltr'><strong><em>αίιιῖνος</em></strong></span> <span class='ocrx_word' id='word_1_47' title='bbox 1475 1005 1593 1083; x_wconf 81' lang='grc' dir='ltr'><strong><em>τούτου,</em></strong></span> <span class='ocrx_word' id='word_1_48' title='bbox 1627 1005 1709 1089; x_wconf 90' lang='grc' dir='ltr'><strong><em>πρός</em></strong></span> <span class='ocrx_word' id='word_1_49' title='bbox 1737 1012 1775 1070; x_wconf 86' lang='grc' dir='ltr'><strong><em>τδ</em></strong></span> <span class='ocrx_word' id='word_1_50' title='bbox 1806 1009 2002 1086; x_wconf 83' lang='grc' dir='ltr'><strong><em>πνευματικά</em></strong></span> <span class='ocrx_word' id='word_1_51' title='bbox 2031 1013 2085 1089; x_wconf 77' lang='grc' dir='ltr'><strong><em>τῆς</em></strong></span> 
     </span>
     <span class='ocr_line' id='line_1_6' title="bbox 494 1104 2087 1192; baseline 0.001 -21"><span class='ocrx_word' id='word_1_52' title='bbox 494 1112 666 1192; x_wconf 79' lang='grc' dir='ltr'><strong><em>πονηρίας,</em></strong></span> <span class='ocrx_word' id='word_1_53' title='bbox 700 1104 737 1172; x_wconf 76' lang='grc' dir='ltr'><strong><em>οἰ·</em></strong></span> <span class='ocrx_word' id='word_1_54' title='bbox 755 1107 818 1189; x_wconf 82' lang='grc' dir='ltr'><strong><em>μήν</em></strong></span> <span class='ocrx_word' id='word_1_55' title='bbox 841 1111 895 1168; x_wconf 79' lang='grc' dir='ltr'><strong><em>καί</em></strong></span> <span class='ocrx_word' id='word_1_56' title='bbox 917 1112 969 1188; x_wconf 77' lang='grc' dir='ltr'><strong><em>τῆς</em></strong></span> <span class='ocrx_word' id='word_1_57' title='bbox 991 1104 1210 1189; x_wconf 91' lang='grc' dir='ltr'><strong><em>ἀγαθότητος·</em></strong></span> <span class='ocrx_word' id='word_1_58' title='bbox 1245 1104 1346 1186; x_wconf 83' lang='grc' dir='ltr'><strong><em>ήγδρ</em></strong></span> <span class='ocrx_word' id='word_1_59' title='bbox 1369 1105 1605 1189; x_wconf 74' lang='grc' dir='ltr'><strong><em>ἀμφοτέρωθεν</em></strong></span> <span class='ocrx_word' id='word_1_60' title='bbox 1626 1110 1713 1192; x_wconf 86' lang='grc' dir='ltr'><strong><em>μάχη</em></strong></span> <span class='ocrx_word' id='word_1_61' title='bbox 1745 1124 1809 1185; x_wconf 85' lang='grc' dir='ltr'><strong><em>τοῖς</em></strong></span> <span class='ocrx_word' id='word_1_62' title='bbox 1837 1112 2087 1191; x_wconf 87' lang='grc' dir='ltr'><strong><em>πολεμουμένοις</em></strong></span> 
     </span>
     <span class='ocr_line' id='line_1_7' title="bbox 491 1200 2082 1300; baseline 0.003 -27"><span class='ocrx_word' id='word_1_63' title='bbox 491 1211 665 1294; x_wconf 86' lang='grc' dir='ltr'><strong><em>ἀμήχανος.</em></strong></span> <span class='ocrx_word' id='word_1_64' title='bbox 709 1209 812 1272; x_wconf 53' lang='grc' dir='ltr'><strong><em>*λα’λλ*</em></strong></span> <span class='ocrx_word' id='word_1_65' title='bbox 832 1200 954 1285; x_wconf 59' lang='grc' dir='ltr'><strong><em>ἐγγὺςΕἰο</em></strong></span> <span class='ocrx_word' id='word_1_66' title='bbox 977 1209 995 1270; x_wconf 86' lang='lat'>6</span> <span class='ocrx_word' id='word_1_67' title='bbox 1018 1209 1129 1292; x_wconf 89' lang='grc' dir='ltr'><strong><em>ζητεῖς,</em></strong></span> <span class='ocrx_word' id='word_1_68' title='bbox 1152 1209 1168 1271; x_wconf 88' lang='lat'>6</span> <span class='ocrx_word' id='word_1_69' title='bbox 1193 1215 1229 1271; x_wconf 88' lang='grc' dir='ltr'><strong><em>τδ</em></strong></span> <span class='ocrx_word' id='word_1_70' title='bbox 1254 1214 1379 1275; x_wconf 76' lang='grc' dir='ltr'><strong><em>τοιαῦτα</em></strong></span> <span class='ocrx_word' id='word_1_71' title='bbox 1402 1212 1600 1290; x_wconf 84' lang='grc' dir='ltr'><strong><em>θαυμάζων,</em></strong></span> <span class='ocrx_word' id='word_1_72' title='bbox 1623 1219 1676 1275; x_wconf 79' lang='grc' dir='ltr'><strong><em>καί</em></strong></span> <span class='ocrx_word' id='word_1_73' title='bbox 1707 1216 1739 1275; x_wconf 87' lang='grc' dir='ltr'><strong><em>τό</em></strong></span> <span class='ocrx_word' id='word_1_74' title='bbox 1766 1214 1770 1300; x_wconf 82' lang='grc' dir='ltr'>Ι</span> <span class='ocrx_word' id='word_1_75' title='bbox 1800 1216 1925 1295; x_wconf 90' lang='grc' dir='ltr'><strong><em>ἀπορον</em></strong></span> <span class='ocrx_word' id='word_1_76' title='bbox 2005 1215 2082 1278; x_wconf 79' lang='grc'><strong><em>1291</em></strong></span> 
     </span>
     <span class='ocr_line' id='line_1_8' title="bbox 489 1312 2082 1401; baseline 0 -23"><span class='ocrx_word' id='word_1_77' title='bbox 489 1317 634 1381; x_wconf 88' lang='grc' dir='ltr'><strong><em>εῦλυτον·</em></strong></span> <span class='ocrx_word' id='word_1_78' title='bbox 669 1316 723 1377; x_wconf 80' lang='grc' dir='ltr'><strong><em>ἐπὶ</em></strong></span> <span class='ocrx_word' id='word_1_79' title='bbox 745 1318 793 1376; x_wconf 79' lang='grc' dir='ltr'><strong><em>σοί</em></strong></span> <span class='ocrx_word' id='word_1_80' title='bbox 824 1316 884 1392; x_wconf 84' lang='grc' dir='ltr'><strong><em>γάρ</em></strong></span> <span class='ocrx_word' id='word_1_81' title='bbox 917 1316 951 1375; x_wconf 90' lang='grc' dir='ltr'><strong><em>τδ</em></strong></span> <span class='ocrx_word' id='word_1_82' title='bbox 976 1319 1043 1376; x_wconf 86' lang='grc' dir='ltr'><strong><em>πᾶν</em></strong></span> <span class='ocrx_word' id='word_1_83' title='bbox 1064 1314 1143 1387; x_wconf 90' lang='grc' dir='ltr'><strong><em>ἐστί,</em></strong></span> <span class='ocrx_word' id='word_1_84' title='bbox 1174 1317 1227 1373; x_wconf 80' lang='grc' dir='ltr'><strong><em>καί</em></strong></span> <span class='ocrx_word' id='word_1_85' title='bbox 1249 1319 1302 1394; x_wconf 85' lang='grc' dir='ltr'><strong><em>τής</em></strong></span> <span class='ocrx_word' id='word_1_86' title='bbox 1324 1317 1379 1394; x_wconf 87' lang='grc' dir='ltr'><strong><em>σής</em></strong></span> <span class='ocrx_word' id='word_1_87' title='bbox 1402 1312 1581 1377; x_wconf 77' lang='grc' dir='ltr'><strong><em>ἀδεσπότου</em></strong></span> <span class='ocrx_word' id='word_1_88' title='bbox 1604 1325 1819 1398; x_wconf 79' lang='grc' dir='ltr'><strong><em>προαιρέσεως</em></strong></span> <span class='ocrx_word' id='word_1_89' title='bbox 1841 1319 1989 1401; x_wconf 85' lang='grc' dir='ltr'><strong><em>ήρτηται·</em></strong></span> <span class='ocrx_word' id='word_1_90' title='bbox 2012 1317 2082 1380; x_wconf 74' lang='grc' dir='ltr'><strong><em>ἐπεὶ</em></strong></span> 
     </span>
     <span class='ocr_line' id='line_1_9' title="bbox 490 1415 2078 1503; baseline 0.001 -21"><span class='ocrx_word' id='word_1_91' title='bbox 490 1419 687 1503; x_wconf 74' lang='grc' dir='ltr'><strong><em>προπολεμεῖ</em></strong></span> <span class='ocrx_word' id='word_1_92' title='bbox 707 1437 764 1479; x_wconf 93' lang='grc' dir='ltr'><strong><em>σου</em></strong></span> <span class='ocrx_word' id='word_1_93' title='bbox 777 1421 837 1496; x_wconf 78' lang='grc' dir='ltr'><strong><em>μὲν</em></strong></span> <span class='ocrx_word' id='word_1_94' title='bbox 858 1418 1042 1498; x_wconf 87' lang='grc' dir='ltr'><strong><em>ἐρρωμένως</em></strong></span> <span class='ocrx_word' id='word_1_95' title='bbox 1076 1420 1129 1476; x_wconf 77' lang='grc' dir='ltr'><strong><em>καὶ</em></strong></span> <span class='ocrx_word' id='word_1_96' title='bbox 1144 1415 1306 1478; x_wconf 85' lang='grc' dir='ltr'><strong><em>κυκλόθεν</em></strong></span> <span class='ocrx_word' id='word_1_97' title='bbox 1327 1416 1547 1495; x_wconf 82' lang='grc' dir='ltr'><strong><em>ῦπερασπίζει*</em></strong></span> <span class='ocrx_word' id='word_1_98' title='bbox 1570 1419 1587 1482; x_wconf 99' lang='lat'>6</span> <span class='ocrx_word' id='word_1_99' title='bbox 1611 1424 1664 1484; x_wconf 88' lang='grc' dir='ltr'><strong><em>τοῦ</em></strong></span> <span class='ocrx_word' id='word_1_100' title='bbox 1685 1424 1789 1502; x_wconf 89' lang='grc' dir='ltr'><strong><em>φωτδς</em></strong></span> <span class='ocrx_word' id='word_1_101' title='bbox 1819 1418 1904 1493; x_wconf 81' lang='grc' dir='ltr'><strong><em>οὗτος</em></strong></span> <span class='ocrx_word' id='word_1_102' title='bbox 1935 1421 2078 1496; x_wconf 83' lang='grc' dir='ltr'><strong><em>ἄγγελος,</em></strong></span> 
     </span>
     <span class='ocr_line' id='line_1_10' title="bbox 490 1520 2083 1609; baseline 0.001 -25"><span class='ocrx_word' id='word_1_103' title='bbox 490 1522 506 1586; x_wconf 93' lang='lat'>6</span> <span class='ocrx_word' id='word_1_104' title='bbox 540 1523 574 1584; x_wconf 87' lang='grc' dir='ltr'><strong><em>έκ</em></strong></span> <span class='ocrx_word' id='word_1_105' title='bbox 607 1523 748 1603; x_wconf 86' lang='grc' dir='ltr'><strong><em>νεότητός</em></strong></span> <span class='ocrx_word' id='word_1_106' title='bbox 778 1541 811 1583; x_wconf 89' lang='grc' dir='ltr'><strong><em>σε</em></strong></span> <span class='ocrx_word' id='word_1_107' title='bbox 841 1520 993 1601; x_wconf 83' lang='grc' dir='ltr'><strong><em>ῥυόμενος</em></strong></span> <span class='ocrx_word' id='word_1_108' title='bbox 1022 1524 1076 1579; x_wconf 79' lang='grc' dir='ltr'><strong><em>καὶ</em></strong></span> <span class='ocrx_word' id='word_1_109' title='bbox 1105 1523 1160 1595; x_wconf 84' lang='grc' dir='ltr'><strong><em>τήν</em></strong></span> <span class='ocrx_word' id='word_1_110' title='bbox 1191 1521 1250 1601; x_wconf 82' lang='grc' dir='ltr'><strong><em>σήν</em></strong></span> <span class='ocrx_word' id='word_1_111' title='bbox 1279 1520 1458 1599; x_wconf 74' lang='grc' dir='ltr'><strong><em>οἰκονομῶν</em></strong></span> <span class='ocrx_word' id='word_1_112' title='bbox 1489 1522 1657 1606; x_wconf 82' lang='grc' dir='ltr'><strong><em>φυλακήν·</em></strong></span> <span class='ocrx_word' id='word_1_113' title='bbox 1691 1523 1793 1606; x_wconf 84' lang='grc' dir='ltr'><strong><em>ήγδρ</em></strong></span> <span class='ocrx_word' id='word_1_114' title='bbox 1817 1528 1859 1586; x_wconf 88' lang='grc' dir='ltr'><strong><em>ἀν</em></strong></span> <span class='ocrx_word' id='word_1_115' title='bbox 1881 1531 1933 1609; x_wconf 84' lang='grc' dir='ltr'><strong><em>τής</em></strong></span> <span class='ocrx_word' id='word_1_116' title='bbox 1955 1528 2083 1588; x_wconf 87' lang='grc' dir='ltr'><strong><em>ἐκεῖθεν</em></strong></span> 
     </span>
     <span class='ocr_line' id='line_1_11' title="bbox 491 1622 2083 1712; baseline 0.001 -23"><span class='ocrx_word' id='word_1_117' title='bbox 491 1630 670 1707; x_wconf 81' lang='grc' dir='ltr'><strong><em>συμμαχίας</em></strong></span> <span class='ocrx_word' id='word_1_118' title='bbox 699 1627 876 1709; x_wconf 80' lang='grc' dir='ltr'><strong><em>ἐρημωθεὶς</em></strong></span> <span class='ocrx_word' id='word_1_119' title='bbox 905 1622 959 1690; x_wconf 81' lang='grc' dir='ltr'><strong><em>οῦκ</em></strong></span> <span class='ocrx_word' id='word_1_120' title='bbox 988 1627 1029 1684; x_wconf 85' lang='grc' dir='ltr'><strong><em>ἀν</em></strong></span> <span class='ocrx_word' id='word_1_121' title='bbox 1057 1624 1203 1705; x_wconf 89' lang='grc' dir='ltr'><strong><em>φθάνοις</em></strong></span> <span class='ocrx_word' id='word_1_122' title='bbox 1234 1624 1292 1705; x_wconf 87' lang='grc' dir='ltr'><strong><em>ήδη</em></strong></span> <span class='ocrx_word' id='word_1_123' title='bbox 1315 1636 1383 1696; x_wconf 84' lang='grc' dir='ltr'><strong><em>ταῖς</em></strong></span> <span class='ocrx_word' id='word_1_124' title='bbox 1407 1628 1461 1690; x_wconf 88' lang='grc' dir='ltr'><strong><em>τοῦ</em></strong></span> <span class='ocrx_word' id='word_1_125' title='bbox 1487 1631 1728 1707; x_wconf 79' lang='grc' dir='ltr'><strong><em>μισανθρωπου</em></strong></span> <span class='ocrx_word' id='word_1_126' title='bbox 1757 1631 1873 1708; x_wconf 92' lang='grc' dir='ltr'><strong><em>λαβαῖς</em></strong></span> <span class='ocrx_word' id='word_1_127' title='bbox 1902 1630 1938 1692; x_wconf 83' lang='grc' dir='ltr'><strong><em>ἐν</em></strong></span> <span class='ocrx_word' id='word_1_128' title='bbox 1967 1629 2083 1712; x_wconf 88' lang='grc' dir='ltr'><strong><em>ἀκαρεῖ</em></strong></span> 
     </span>
     <span class='ocr_line' id='line_1_12' title="bbox 490 1726 2081 1816; baseline 0.003 -24"><span class='ocrx_word' id='word_1_129' title='bbox 490 1729 669 1801; x_wconf 78' lang='grc' dir='ltr'><strong><em>πλειστάκις</em></strong></span> <span class='ocrx_word' id='word_1_130' title='bbox 691 1730 973 1808; x_wconf 82' lang='grc' dir='ltr'><strong><em>ἀναρπαζόμενος,</em></strong></span> <span class='ocrx_word' id='word_1_131' title='bbox 1004 1726 1046 1800; x_wconf 77' lang='grc' dir='ltr'><strong><em>ὡς</em></strong></span> <span class='ocrx_word' id='word_1_132' title='bbox 1068 1726 1278 1806; x_wconf 79' lang='grc' dir='ltr'><strong><em>πολλαχόθεν</em></strong></span> <span class='ocrx_word' id='word_1_133' title='bbox 1308 1727 1409 1810; x_wconf 84' lang='grc' dir='ltr'><strong><em>δήλόν</em></strong></span> <span class='ocrx_word' id='word_1_134' title='bbox 1439 1731 1500 1790; x_wconf 77' lang='grc' dir='ltr'><strong><em>ἐστι</em></strong></span> <span class='ocrx_word' id='word_1_135' title='bbox 1529 1735 1572 1812; x_wconf 79' lang='grc' dir='ltr'><strong><em>τῷ</em></strong></span> <span class='ocrx_word' id='word_1_136' title='bbox 1608 1744 1739 1794; x_wconf 88' lang='grc' dir='ltr'><strong><em>σκοπεῖν</em></strong></span> <span class='ocrx_word' id='word_1_137' title='bbox 1766 1734 1973 1816; x_wconf 83' lang='grc' dir='ltr'><strong><em>βουλομένῳ·</em></strong></span> <span class='ocrx_word' id='word_1_138' title='bbox 1997 1734 2081 1808; x_wconf 81' lang='grc' dir='ltr'><strong><em>ἐξαι-</em></strong></span> 
     </span>
     <span class='ocr_line' id='line_1_13' title="bbox 492 1829 2080 1920; baseline 0.001 -24"><span class='ocrx_word' id='word_1_139' title='bbox 492 1846 592 1916; x_wconf 87' lang='grc' dir='ltr'><strong><em>ρεῖται</em></strong></span> <span class='ocrx_word' id='word_1_140' title='bbox 615 1836 719 1895; x_wconf 89' lang='grc' dir='ltr'><strong><em>τοίνυν</em></strong></span> <span class='ocrx_word' id='word_1_141' title='bbox 742 1840 795 1893; x_wconf 80' lang='grc' dir='ltr'><strong><em>καὶ</em></strong></span> <span class='ocrx_word' id='word_1_142' title='bbox 818 1833 916 1916; x_wconf 80' lang='grc' dir='ltr'><strong><em>σφ’ζιι,</em></strong></span> <span class='ocrx_word' id='word_1_143' title='bbox 942 1835 1103 1908; x_wconf 82' lang='grc' dir='ltr'><strong><em>περιέπων</em></strong></span> <span class='ocrx_word' id='word_1_144' title='bbox 1126 1849 1159 1893; x_wconf 90' lang='grc' dir='ltr'><strong><em>σε</em></strong></span> <span class='ocrx_word' id='word_1_145' title='bbox 1182 1835 1359 1904; x_wconf 88' lang='grc' dir='ltr'><strong><em>πάντοθεν,</em></strong></span> <span class='ocrx_word' id='word_1_146' title='bbox 1384 1829 1467 1893; x_wconf 86' lang='grc' dir='ltr'><strong><em>ἀλλά</em></strong></span> <span class='ocrx_word' id='word_1_147' title='bbox 1492 1837 1547 1897; x_wconf 88' lang='grc' dir='ltr'><strong><em>σοῦ</em></strong></span> <span class='ocrx_word' id='word_1_148' title='bbox 1570 1834 1669 1914; x_wconf 79' lang='grc' dir='ltr'><strong><em>δῆλον</em></strong></span> <span class='ocrx_word' id='word_1_149' title='bbox 1692 1836 1738 1898; x_wconf 86' lang='grc' dir='ltr'><strong><em>ότι</em></strong></span> <span class='ocrx_word' id='word_1_150' title='bbox 1762 1842 1814 1898; x_wconf 75' lang='grc' dir='ltr'><strong><em>καὶ</em></strong></span> <span class='ocrx_word' id='word_1_151' title='bbox 1839 1840 2080 1920; x_wconf 85' lang='grc' dir='ltr'><strong><em>συγγρηγοροῦν·</em></strong></span> 
     </span>
     <span class='ocr_line' id='line_1_14' title="bbox 492 1937 2083 2020; baseline -0.001 -17"><span class='ocrx_word' id='word_1_152' title='bbox 492 1963 543 2012; x_wconf 89' lang='grc' dir='ltr'><strong><em>τος</em></strong></span> <span class='ocrx_word' id='word_1_153' title='bbox 565 1944 620 2000; x_wconf 76' lang='grc' dir='ltr'><strong><em>καὶ</em></strong></span> <span class='ocrx_word' id='word_1_154' title='bbox 642 1940 891 2018; x_wconf 77' lang='grc' dir='ltr'><strong><em>συμπονοῦντος·</em></strong></span> <span class='ocrx_word' id='word_1_155' title='bbox 923 1937 961 2000; x_wconf 87' lang='grc' dir='ltr'><strong><em>σό</em></strong></span> <span class='ocrx_word' id='word_1_156' title='bbox 982 1957 1037 2012; x_wconf 90' lang='grc' dir='ltr'><strong><em>μοι</em></strong></span> <span class='ocrx_word' id='word_1_157' title='bbox 1058 1939 1164 1997; x_wconf 87' lang='grc' dir='ltr'><strong><em>τοίνυν</em></strong></span> <span class='ocrx_word' id='word_1_158' title='bbox 1186 1941 1240 1996; x_wconf 77' lang='grc' dir='ltr'><strong><em>καί</em></strong></span> <span class='ocrx_word' id='word_1_159' title='bbox 1263 1940 1345 2017; x_wconf 82' lang='grc' dir='ltr'><strong><em>νήφε</em></strong></span> <span class='ocrx_word' id='word_1_160' title='bbox 1368 1939 1421 1997; x_wconf 82' lang='grc' dir='ltr'><strong><em>καὶ</em></strong></span> <span class='ocrx_word' id='word_1_161' title='bbox 1443 1941 1647 2001; x_wconf 86' lang='grc' dir='ltr'><strong><em>κακοπάθει·</em></strong></span> <span class='ocrx_word' id='word_1_162' title='bbox 1671 1945 1759 2003; x_wconf 83' lang='grc' dir='ltr'><strong><em>τοῦτο</em></strong></span> <span class='ocrx_word' id='word_1_163' title='bbox 1781 1943 1842 2020; x_wconf 91' lang='grc' dir='ltr'><strong><em>γάρ</em></strong></span> <span class='ocrx_word' id='word_1_164' title='bbox 1860 1960 1909 2003; x_wconf 91' lang='grc' dir='ltr'><strong><em>σοι</em></strong></span> <span class='ocrx_word' id='word_1_165' title='bbox 1928 1945 1961 2002; x_wconf 86' lang='grc' dir='ltr'><strong><em>τδ</em></strong></span> <span class='ocrx_word' id='word_1_166' title='bbox 1984 1940 2083 2020; x_wconf 92' lang='grc' dir='ltr'><strong><em>πρόσ-</em></strong></span> 
     </span>
     <span class='ocr_line' id='line_1_15' title="bbox 490 2036 2081 2124; baseline -0.001 -19"><span class='ocrx_word' id='word_1_167' title='bbox 490 2065 580 2123; x_wconf 92' lang='grc' dir='ltr'><strong><em>τιμον</em></strong></span> <span class='ocrx_word' id='word_1_168' title='bbox 602 2043 655 2124; x_wconf 79' lang='grc' dir='ltr'><strong><em>ἐφ’</em></strong></span> <span class='ocrx_word' id='word_1_169' title='bbox 677 2039 722 2114; x_wconf 80' lang='grc' dir='ltr'><strong><em>υλς</em></strong></span> <span class='ocrx_word' id='word_1_170' title='bbox 744 2042 911 2120; x_wconf 84' lang='grc' dir='ltr'><strong><em>ἐξύβρισας</em></strong></span> <span class='ocrx_word' id='word_1_171' title='bbox 933 2042 1018 2119; x_wconf 87' lang='grc' dir='ltr'><strong><em>πρίν,</em></strong></span> <span class='ocrx_word' id='word_1_172' title='bbox 1041 2036 1107 2103; x_wconf 82' lang='grc' dir='ltr'><strong><em>οὐδ’</em></strong></span> <span class='ocrx_word' id='word_1_173' title='bbox 1129 2038 1174 2111; x_wconf 83' lang='grc' dir='ltr'><strong><em>είς</em></strong></span> <span class='ocrx_word' id='word_1_174' title='bbox 1198 2037 1276 2120; x_wconf 88' lang='grc' dir='ltr'><strong><em>ὅλην</em></strong></span> <span class='ocrx_word' id='word_1_175' title='bbox 1297 2043 1376 2116; x_wconf 91' lang='grc' dir='ltr'><strong><em>μίαν</em></strong></span> <span class='ocrx_word' id='word_1_176' title='bbox 1403 2037 1525 2120; x_wconf 78' lang='grc' dir='ltr'><strong><em>ἡμέραν</em></strong></span> <span class='ocrx_word' id='word_1_177' title='bbox 1551 2045 1722 2122; x_wconf 88' lang='grc' dir='ltr'><strong><em>μετριάσας</em></strong></span> <span class='ocrx_word' id='word_1_178' title='bbox 1748 2044 1784 2105; x_wconf 85' lang='grc' dir='ltr'><strong><em>ἐν</em></strong></span> <span class='ocrx_word' id='word_1_179' title='bbox 1802 2041 1980 2121; x_wconf 78' lang='grc' dir='ltr'><strong><em>εδπαθείᾳ·</em></strong></span> <span class='ocrx_word' id='word_1_180' title='bbox 2010 2042 2081 2121; x_wconf 84' lang='grc' dir='ltr'><strong><em>α’μα</em></strong></span> 
     </span>
     <span class='ocr_line' id='line_1_16' title="bbox 492 2141 2079 2228; baseline -0.003 -19"><span class='ocrx_word' id='word_1_181' title='bbox 492 2147 527 2209; x_wconf 76' lang='grc' dir='ltr'><strong><em>δὲ</em></strong></span> <span class='ocrx_word' id='word_1_182' title='bbox 550 2152 604 2209; x_wconf 81' lang='grc' dir='ltr'><strong><em>καί</em></strong></span> <span class='ocrx_word' id='word_1_183' title='bbox 626 2149 694 2217; x_wconf 80' lang='grc' dir='ltr'><strong><em>πῶς</em></strong></span> <span class='ocrx_word' id='word_1_184' title='bbox 715 2144 857 2227; x_wconf 90' lang='grc' dir='ltr'><strong><em>νικητής,</em></strong></span> <span class='ocrx_word' id='word_1_185' title='bbox 886 2145 929 2224; x_wconf 83' lang='grc' dir='ltr'><strong><em>μή</em></strong></span> <span class='ocrx_word' id='word_1_186' title='bbox 953 2143 1034 2222; x_wconf 91' lang='grc' dir='ltr'><strong><em>πρδς</em></strong></span> <span class='ocrx_word' id='word_1_187' title='bbox 1057 2141 1186 2218; x_wconf 81' lang='grc' dir='ltr'><strong><em>ἀγῶνας</em></strong></span> <span class='ocrx_word' id='word_1_188' title='bbox 1210 2141 1450 2222; x_wconf 74' lang='grc' dir='ltr'><strong><em>ἀποδυόμεναςς</em></strong></span> <span class='ocrx_word' id='word_1_189' title='bbox 1483 2142 1501 2205; x_wconf 95' lang='lat'>6</span> <span class='ocrx_word' id='word_1_190' title='bbox 1525 2146 1562 2206; x_wconf 81' lang='grc' dir='ltr'><strong><em>όέ</em></strong></span> <span class='ocrx_word' id='word_1_191' title='bbox 1584 2147 1808 2228; x_wconf 89' lang='grc' dir='ltr'><strong><em>κακοπαθήσει</em></strong></span> <span class='ocrx_word' id='word_1_192' title='bbox 1838 2151 1898 2226; x_wconf 77' lang='grc' dir='ltr'><strong><em>μέν</em></strong></span> <span class='ocrx_word' id='word_1_193' title='bbox 1920 2144 2079 2227; x_wconf 76' lang='grc' dir='ltr'><strong><em>οὐδαμῶς,</em></strong></span> 
     </span>
     <span class='ocr_line' id='line_1_17' title="bbox 492 2246 2080 2338; baseline -0.001 -23"><span class='ocrx_word' id='word_1_194' title='bbox 492 2251 589 2333; x_wconf 84' lang='grc' dir='ltr'><strong><em>φῦσιν</em></strong></span> <span class='ocrx_word' id='word_1_195' title='bbox 611 2252 692 2328; x_wconf 81' lang='grc' dir='ltr'><strong><em>ἔχων</em></strong></span> <span class='ocrx_word' id='word_1_196' title='bbox 713 2248 833 2330; x_wconf 87' lang='grc' dir='ltr'><strong><em>ἀπαθή</em></strong></span> <span class='ocrx_word' id='word_1_197' title='bbox 860 2253 914 2309; x_wconf 73' lang='grc' dir='ltr'><strong><em>καὶ</em></strong></span> <span class='ocrx_word' id='word_1_198' title='bbox 935 2246 1114 2325; x_wconf 86' lang='grc' dir='ltr'><strong><em>ἀκάματον,</em></strong></span> <span class='ocrx_word' id='word_1_199' title='bbox 1144 2247 1399 2326; x_wconf 83' lang='grc' dir='ltr'><strong><em>συγκατορθτόσει</em></strong></span> <span class='ocrx_word' id='word_1_200' title='bbox 1420 2247 1457 2309; x_wconf 92' lang='grc' dir='ltr'><strong><em>δέ</em></strong></span> <span class='ocrx_word' id='word_1_201' title='bbox 1479 2267 1528 2309; x_wconf 91' lang='grc' dir='ltr'><strong><em>σοι</em></strong></span> <span class='ocrx_word' id='word_1_202' title='bbox 1556 2253 1612 2330; x_wconf 85' lang='grc' dir='ltr'><strong><em>τήν</em></strong></span> <span class='ocrx_word' id='word_1_203' title='bbox 1642 2253 1731 2334; x_wconf 87' lang='grc' dir='ltr'><strong><em>νίκην</em></strong></span> <span class='ocrx_word' id='word_1_204' title='bbox 1761 2254 1814 2312; x_wconf 77' lang='grc' dir='ltr'><strong><em>καί</em></strong></span> <span class='ocrx_word' id='word_1_205' title='bbox 1844 2255 1898 2313; x_wconf 91' lang='grc' dir='ltr'><strong><em>τδν</em></strong></span> <span class='ocrx_word' id='word_1_206' title='bbox 1927 2250 1978 2313; x_wconf 81' lang='grc' dir='ltr'><strong><em>ἐπ’</em></strong></span> <span class='ocrx_word' id='word_1_207' title='bbox 2002 2249 2080 2338; x_wconf 78' lang='grc' dir='ltr'><strong><em>αὐτῇ</em></strong></span> 
     </span>
     <span class='ocr_line' id='line_1_18' title="bbox 492 2348 2079 2437; baseline -0.003 -20"><span class='ocrx_word' id='word_1_208' title='bbox 492 2357 642 2437; x_wconf 85' lang='grc' dir='ltr'><strong><em>λαμπρόν</em></strong></span> <span class='ocrx_word' id='word_1_209' title='bbox 663 2357 832 2434; x_wconf 88' lang='grc' dir='ltr'><strong><em>στέφανον.</em></strong></span> <span class='ocrx_word' id='word_1_210' title='bbox 876 2349 953 2433; x_wconf 66' lang='grc' dir='ltr'><strong><em>48μή</em></strong></span> <span class='ocrx_word' id='word_1_211' title='bbox 976 2350 1040 2434; x_wconf 78' lang='grc' dir='ltr'><strong><em>δῷς</em></strong></span> <span class='ocrx_word' id='word_1_212' title='bbox 1063 2348 1121 2416; x_wconf 73' lang='grc' dir='ltr'><strong><em>οὖν</em></strong></span> <span class='ocrx_word' id='word_1_213' title='bbox 1142 2351 1187 2422; x_wconf 82' lang='grc' dir='ltr'><strong><em>είς</em></strong></span> <span class='ocrx_word' id='word_1_214' title='bbox 1210 2348 1309 2412; x_wconf 90' lang='grc' dir='ltr'><strong><em>σάλον</em></strong></span> <span class='ocrx_word' id='word_1_215' title='bbox 1331 2353 1387 2412; x_wconf 92' lang='grc' dir='ltr'><strong><em>τδν</em></strong></span> <span class='ocrx_word' id='word_1_216' title='bbox 1409 2349 1498 2413; x_wconf 90' lang='grc' dir='ltr'><strong><em>πόδα</em></strong></span> <span class='ocrx_word' id='word_1_217' title='bbox 1521 2368 1587 2424; x_wconf 90' lang='grc' dir='ltr'><strong><em>σου,</em></strong></span> <span class='ocrx_word' id='word_1_218' title='bbox 1610 2359 1664 2415; x_wconf 78' lang='grc' dir='ltr'><strong><em>καὶ</em></strong></span> <span class='ocrx_word' id='word_1_219' title='bbox 1686 2353 1723 2419; x_wconf 85' lang='grc' dir='ltr'><strong><em>οὐ</em></strong></span> <span class='ocrx_word' id='word_1_220' title='bbox 1746 2357 1891 2430; x_wconf 85' lang='grc' dir='ltr'><strong><em>νυστάξει·</em></strong></span> <span class='ocrx_word' id='word_1_221' title='bbox 1913 2353 1930 2416; x_wconf 96' lang='lat'>6</span> <span class='ocrx_word' id='word_1_222' title='bbox 1955 2353 2079 2435; x_wconf 85' lang='grc' dir='ltr'><strong><em>φυλάσ-</em></strong></span> 
     </span>
     <span class='ocr_line' id='line_1_19' title="bbox 413 2446 2079 2544; baseline -0.001 -22"><span class='ocrx_word' id='word_1_223' title='bbox 413 2446 415 2451; x_wconf 39' lang='grc'><strong>’</strong></span> <span class='ocrx_word' id='word_1_224' title='bbox 492 2481 556 2522; x_wconf 87' lang='grc' dir='ltr'><strong><em>σων</em></strong></span> <span class='ocrx_word' id='word_1_225' title='bbox 578 2461 639 2521; x_wconf 84' lang='grc' dir='ltr'><strong><em>σε*.</em></strong></span> <span class='ocrx_word' id='word_1_226' title='bbox 660 2457 689 2519; x_wconf 86' lang='grc' dir='ltr'><strong><em>εί</em></strong></span> <span class='ocrx_word' id='word_1_227' title='bbox 711 2457 740 2518; x_wconf 79' lang='grc' dir='ltr'><strong><em>δ’</em></strong></span> <span class='ocrx_word' id='word_1_228' title='bbox 763 2454 857 2529; x_wconf 85' lang='grc' dir='ltr'><strong><em>αῦτδς</em></strong></span> <span class='ocrx_word' id='word_1_229' title='bbox 877 2455 959 2517; x_wconf 81' lang='grc' dir='ltr'><strong><em>ἑκοίν</em></strong></span> <span class='ocrx_word' id='word_1_230' title='bbox 981 2456 1066 2544; x_wconf 87' lang='grc' dir='ltr'><strong><em>πρόη</em></strong></span> <span class='ocrx_word' id='word_1_231' title='bbox 1088 2457 1144 2535; x_wconf 84' lang='grc' dir='ltr'><strong><em>τήν</em></strong></span> <span class='ocrx_word' id='word_1_232' title='bbox 1166 2452 1353 2534; x_wconf 85' lang='grc' dir='ltr'><strong><em>ἀσφάλειαν</em></strong></span> <span class='ocrx_word' id='word_1_233' title='bbox 1376 2459 1516 2528; x_wconf 84' lang='grc' dir='ltr'><strong><em>σεαυτοῦ,</em></strong></span> <span class='ocrx_word' id='word_1_234' title='bbox 1540 2457 1838 2540; x_wconf 77' lang='grc' dir='ltr'><strong><em>καταρρᾳθυμήσας</em></strong></span> <span class='ocrx_word' id='word_1_235' title='bbox 1861 2456 1865 2542; x_wconf 64' lang='grc' dir='ltr'><strong><em>ί</em></strong></span> <span class='ocrx_word' id='word_1_236' title='bbox 1889 2457 1934 2529; x_wconf 84' lang='grc' dir='ltr'><strong><em>είς</em></strong></span> <span class='ocrx_word' id='word_1_237' title='bbox 2002 2458 2079 2520; x_wconf 66' lang='grc'><strong><em>1292</em></strong></span> 
     </span>
     <span class='ocr_line' id='line_1_20' title="bbox 490 2555 2077 2643; baseline -0.003 -18"><span class='ocrx_word' id='word_1_238' title='bbox 490 2563 577 2636; x_wconf 85' lang='grc' dir='ltr'><strong><em>τέλος</em></strong></span> <span class='ocrx_word' id='word_1_239' title='bbox 600 2565 653 2623; x_wconf 81' lang='grc' dir='ltr'><strong><em>καὶ</em></strong></span> <span class='ocrx_word' id='word_1_240' title='bbox 673 2564 729 2623; x_wconf 88' lang='grc' dir='ltr'><strong><em>τδν</em></strong></span> <span class='ocrx_word' id='word_1_241' title='bbox 751 2561 886 2640; x_wconf 85' lang='grc' dir='ltr'><strong><em>φυσικόν</em></strong></span> <span class='ocrx_word' id='word_1_242' title='bbox 908 2556 1049 2642; x_wconf 80' lang='grc' dir='ltr'><strong><em>ήγεμόνα</em></strong></span> <span class='ocrx_word' id='word_1_243' title='bbox 1071 2560 1139 2642; x_wconf 87' lang='grc' dir='ltr'><strong><em>(τδν</em></strong></span> <span class='ocrx_word' id='word_1_244' title='bbox 1161 2557 1326 2643; x_wconf 87' lang='grc' dir='ltr'><strong><em>λογισμόν)</em></strong></span> <span class='ocrx_word' id='word_1_245' title='bbox 1349 2555 1549 2640; x_wconf 77' lang='grc' dir='ltr'><strong><em>ἀπορρίψας,</em></strong></span> <span class='ocrx_word' id='word_1_246' title='bbox 1574 2558 1813 2642; x_wconf 72' lang='grc' dir='ltr'><strong><em>ἀχθεσθήσεται</em></strong></span> <span class='ocrx_word' id='word_1_247' title='bbox 1833 2565 1895 2640; x_wconf 77' lang='grc' dir='ltr'><strong><em>μὲν</em></strong></span> <span class='ocrx_word' id='word_1_248' title='bbox 1918 2563 2002 2643; x_wconf 78' lang='grc' dir='ltr'><strong><em>(πῶς</em></strong></span> <span class='ocrx_word' id='word_1_249' title='bbox 2016 2561 2077 2640; x_wconf 83' lang='grc' dir='ltr'><strong><em>γάρ</em></strong></span> 
     </span>
     <span class='ocr_line' id='line_1_21' title="bbox 491 2659 2079 2748; baseline -0.004 -17"><span class='ocrx_word' id='word_1_250' title='bbox 491 2667 546 2745; x_wconf 76' lang='grc' dir='ltr'><strong><em>οῦς</em></strong></span> <span class='ocrx_word' id='word_1_251' title='bbox 581 2665 897 2748; x_wconf 84' lang='grc' dir='ltr'><strong><em>φιλανθρωπότατος</em></strong></span> <span class='ocrx_word' id='word_1_252' title='bbox 919 2664 978 2748; x_wconf 83' lang='grc' dir='ltr'><strong><em>τόν)</em></strong></span> <span class='ocrx_word' id='word_1_253' title='bbox 1002 2659 1019 2724; x_wconf 93' lang='lat'>6</span> <span class='ocrx_word' id='word_1_254' title='bbox 1044 2659 1235 2739; x_wconf 86' lang='grc' dir='ltr'><strong><em>θαυμαστός</em></strong></span> <span class='ocrx_word' id='word_1_255' title='bbox 1257 2677 1314 2723; x_wconf 91' lang='grc' dir='ltr'><strong><em>σου</em></strong></span> <span class='ocrx_word' id='word_1_256' title='bbox 1337 2661 1570 2744; x_wconf 86' lang='grc' dir='ltr'><strong><em>προασπτστής,</em></strong></span> <span class='ocrx_word' id='word_1_257' title='bbox 1605 2669 1659 2724; x_wconf 75' lang='grc' dir='ltr'><strong><em>καί</em></strong></span> <span class='ocrx_word' id='word_1_258' title='bbox 1681 2667 1939 2746; x_wconf 85' lang='grc' dir='ltr'><strong><em>προσυπομνήσει</em></strong></span> <span class='ocrx_word' id='word_1_259' title='bbox 1962 2668 2023 2743; x_wconf 87' lang='grc' dir='ltr'><strong><em>μέν</em></strong></span> <span class='ocrx_word' id='word_1_260' title='bbox 2044 2681 2079 2725; x_wconf 92' lang='grc' dir='ltr'><strong><em>σε</em></strong></span> 
     </span>
     <span class='ocr_line' id='line_1_22' title="bbox 489 2764 2078 2851; baseline -0.003 -17"><span class='ocrx_word' id='word_1_261' title='bbox 489 2772 584 2851; x_wconf 88' lang='grc' dir='ltr'><strong><em>τυχδν</em></strong></span> <span class='ocrx_word' id='word_1_262' title='bbox 606 2773 659 2831; x_wconf 80' lang='grc' dir='ltr'><strong><em>καὶ</em></strong></span> <span class='ocrx_word' id='word_1_263' title='bbox 682 2765 856 2848; x_wconf 90' lang='grc' dir='ltr'><strong><em>ἀφυπνίσει</em></strong></span> <span class='ocrx_word' id='word_1_264' title='bbox 880 2768 1101 2841; x_wconf 82' lang='grc' dir='ltr'><strong><em>καθεύδοντα,</em></strong></span> <span class='ocrx_word' id='word_1_265' title='bbox 1131 2764 1186 2831; x_wconf 85' lang='grc' dir='ltr'><strong><em>οῦκ</em></strong></span> <span class='ocrx_word' id='word_1_266' title='bbox 1215 2765 1429 2847; x_wconf 75' lang='grc' dir='ltr'><strong><em>ἀντιστήσεται</em></strong></span> <span class='ocrx_word' id='word_1_267' title='bbox 1462 2766 1516 2840; x_wconf 87' lang='grc' dir='ltr'><strong><em>δέ,</em></strong></span> <span class='ocrx_word' id='word_1_268' title='bbox 1549 2768 1817 2848; x_wconf 77' lang='grc' dir='ltr'><strong><em>προσβιαζόμενος</em></strong></span> <span class='ocrx_word' id='word_1_269' title='bbox 1849 2768 2078 2832; x_wconf 84' lang='grc' dir='ltr'><strong><em>ἀνατείνοντα·</em></strong></span> 
     </span>
     <span class='ocr_line' id='line_1_23' title="bbox 491 2866 2078 2955; baseline -0.004 -17"><span class='ocrx_word' id='word_1_270' title='bbox 491 2883 670 2955; x_wconf 82' lang='grc' dir='ltr'><strong><em>συγκροτεῖν</em></strong></span> <span class='ocrx_word' id='word_1_271' title='bbox 696 2873 774 2953; x_wconf 90' lang='grc' dir='ltr'><strong><em>γάρ,</em></strong></span> <span class='ocrx_word' id='word_1_272' title='bbox 805 2870 843 2935; x_wconf 83' lang='grc' dir='ltr'><strong><em>οῦ</em></strong></span> <span class='ocrx_word' id='word_1_273' title='bbox 865 2871 961 2947; x_wconf 90' lang='grc' dir='ltr'><strong><em>λόειν,</em></strong></span> <span class='ocrx_word' id='word_1_274' title='bbox 983 2871 1106 2952; x_wconf 81' lang='grc' dir='ltr'><strong><em>ἐτάχθη</em></strong></span> <span class='ocrx_word' id='word_1_275' title='bbox 1127 2871 1161 2932; x_wconf 93' lang='grc' dir='ltr'><strong><em>τδ</em></strong></span> <span class='ocrx_word' id='word_1_276' title='bbox 1186 2866 1399 2944; x_wconf 82' lang='grc' dir='ltr'><strong><em>αῦτεξοόσιον.</em></strong></span> <span class='ocrx_word' id='word_1_277' title='bbox 1428 2870 1457 2932; x_wconf 84' lang='grc' dir='ltr'><strong><em>εί</em></strong></span> <span class='ocrx_word' id='word_1_278' title='bbox 1479 2871 1507 2932; x_wconf 90' lang='grc' dir='ltr'><strong><em>δ’</em></strong></span> <span class='ocrx_word' id='word_1_279' title='bbox 1530 2870 1737 2946; x_wconf 85' lang='grc' dir='ltr'><strong><em>ἐθελοκακεῖς</em></strong></span> <span class='ocrx_word' id='word_1_280' title='bbox 1760 2874 1813 2935; x_wconf 79' lang='grc' dir='ltr'><strong><em>ἐπὶ</em></strong></span> <span class='ocrx_word' id='word_1_281' title='bbox 1836 2871 1937 2933; x_wconf 84' lang='grc' dir='ltr'><strong><em>πλέον</em></strong></span> <span class='ocrx_word' id='word_1_282' title='bbox 1959 2876 2012 2932; x_wconf 77' lang='grc' dir='ltr'><strong><em>καί</em></strong></span> <span class='ocrx_word' id='word_1_283' title='bbox 2034 2873 2078 2951; x_wconf 77' lang='grc' dir='ltr'><strong><em>τηῖ</em></strong></span> 
     </span>
     <span class='ocr_line' id='line_1_24' title="bbox 491 2972 2080 3063; baseline -0.004 -22"><span class='ocrx_word' id='word_1_284' title='bbox 491 2987 579 3063; x_wconf 81' lang='grc' dir='ltr'><strong><em>κακῷ</em></strong></span> <span class='ocrx_word' id='word_1_285' title='bbox 611 2979 821 3057; x_wconf 87' lang='grc' dir='ltr'><strong><em>παραμένεις,</em></strong></span> <span class='ocrx_word' id='word_1_286' title='bbox 853 2976 935 3051; x_wconf 90' lang='grc' dir='ltr'><strong><em>τάχα</em></strong></span> <span class='ocrx_word' id='word_1_287' title='bbox 966 2975 1008 3054; x_wconf 86' lang='grc' dir='ltr'><strong><em>δή</em></strong></span> <span class='ocrx_word' id='word_1_288' title='bbox 1040 2992 1096 3038; x_wconf 89' lang='grc' dir='ltr'><strong><em>σου</em></strong></span> <span class='ocrx_word' id='word_1_289' title='bbox 1127 2975 1238 3047; x_wconf 88' lang='grc' dir='ltr'><strong><em>τελέως</em></strong></span> <span class='ocrx_word' id='word_1_290' title='bbox 1271 2979 1325 3035; x_wconf 81' lang='grc' dir='ltr'><strong><em>καὶ</em></strong></span> <span class='ocrx_word' id='word_1_291' title='bbox 1355 2972 1582 3057; x_wconf 84' lang='grc' dir='ltr'><strong><em>ἀποστήσεται·</em></strong></span> <span class='ocrx_word' id='word_1_292' title='bbox 1621 2975 1763 3049; x_wconf 80' lang='grc' dir='ltr'><strong><em>ἀποστὰς</em></strong></span> <span class='ocrx_word' id='word_1_293' title='bbox 1786 2976 1839 3049; x_wconf 90' lang='grc' dir='ltr'><strong><em>δέ,</em></strong></span> <span class='ocrx_word' id='word_1_294' title='bbox 1872 2974 2002 3047; x_wconf 89' lang='grc' dir='ltr'><strong><em>δικαίως</em></strong></span> <span class='ocrx_word' id='word_1_295' title='bbox 2026 2977 2080 3035; x_wconf 74' lang='grc' dir='ltr'><strong><em>καὶ</em></strong></span> 
     </span>
     <span class='ocr_line' id='line_1_25' title="bbox 489 3077 2080 3166; baseline -0.006 -20"><span class='ocrx_word' id='word_1_296' title='bbox 489 3083 613 3166; x_wconf 87' lang='grc' dir='ltr'><strong><em>μισήσει</em></strong></span> <span class='ocrx_word' id='word_1_297' title='bbox 635 3084 688 3141; x_wconf 76' lang='grc' dir='ltr'><strong><em>καὶ</em></strong></span> <span class='ocrx_word' id='word_1_298' title='bbox 712 3078 880 3158; x_wconf 87' lang='grc' dir='ltr'><strong><em>πολεμήσει</em></strong></span> <span class='ocrx_word' id='word_1_299' title='bbox 904 3080 958 3138; x_wconf 91' lang='grc' dir='ltr'><strong><em>καί</em></strong></span> <span class='ocrx_word' id='word_1_300' title='bbox 980 3096 1013 3140; x_wconf 92' lang='grc' dir='ltr'><strong><em>σε</em></strong></span> <span class='ocrx_word' id='word_1_301' title='bbox 1036 3078 1127 3150; x_wconf 89' lang='grc' dir='ltr'><strong><em>δίκας</em></strong></span> <span class='ocrx_word' id='word_1_302' title='bbox 1150 3078 1294 3151; x_wconf 79' lang='grc' dir='ltr'><strong><em>ἐνδίκους</em></strong></span> <span class='ocrx_word' id='word_1_303' title='bbox 1315 3080 1389 3152; x_wconf 76' lang='grc' dir='ltr'><strong><em>ἴσως</em></strong></span> <span class='ocrx_word' id='word_1_304' title='bbox 1410 3077 1613 3158; x_wconf 73' lang='grc' dir='ltr'><strong><em>εἰσπράξεται</em></strong></span> <span class='ocrx_word' id='word_1_305' title='bbox 1635 3081 1687 3160; x_wconf 81' lang='grc' dir='ltr'><strong><em>τῆς</em></strong></span> <span class='ocrx_word' id='word_1_306' title='bbox 1710 3077 1830 3161; x_wconf 82' lang='grc' dir='ltr'><strong><em>πολλῆς</em></strong></span> <span class='ocrx_word' id='word_1_307' title='bbox 1845 3077 2003 3150; x_wconf 86' lang='grc' dir='ltr'><strong><em>ἀπονοίας</em></strong></span> <span class='ocrx_word' id='word_1_308' title='bbox 2025 3083 2080 3138; x_wconf 79' lang='grc' dir='ltr'><strong><em>καί</em></strong></span> 
     </span>
     <span class='ocr_line' id='line_1_26' title="bbox 490 3180 2079 3267; baseline -0.002 -19"><span class='ocrx_word' id='word_1_309' title='bbox 490 3191 543 3267; x_wconf 86' lang='grc' dir='ltr'><strong><em>τής</em></strong></span> <span class='ocrx_word' id='word_1_310' title='bbox 565 3185 645 3264; x_wconf 83' lang='grc' dir='ltr'><strong><em>πρὸς</em></strong></span> <span class='ocrx_word' id='word_1_311' title='bbox 667 3182 763 3248; x_wconf 79' lang='grc' dir='ltr'><strong><em>αότδν</em></strong></span> <span class='ocrx_word' id='word_1_312' title='bbox 784 3183 830 3257; x_wconf 88' lang='grc' dir='ltr'><strong><em>είς</em></strong></span> <span class='ocrx_word' id='word_1_313' title='bbox 852 3186 998 3247; x_wconf 90' lang='grc' dir='ltr'><strong><em>τοσοῦτον</em></strong></span> <span class='ocrx_word' id='word_1_314' title='bbox 1021 3181 1198 3260; x_wconf 80' lang='grc' dir='ltr'><strong><em>ὀλιγωρίας,</em></strong></span> <span class='ocrx_word' id='word_1_315' title='bbox 1221 3182 1324 3261; x_wconf 86' lang='grc' dir='ltr'><strong><em>ἔργοις</em></strong></span> <span class='ocrx_word' id='word_1_316' title='bbox 1347 3182 1406 3264; x_wconf 89' lang='grc' dir='ltr'><strong><em>ήδη</em></strong></span> <span class='ocrx_word' id='word_1_317' title='bbox 1422 3180 1596 3257; x_wconf 82' lang='grc' dir='ltr'><strong><em>διδάσκειν,</em></strong></span> <span class='ocrx_word' id='word_1_318' title='bbox 1622 3181 1700 3262; x_wconf 83' lang='grc' dir='ltr'><strong><em>ὅπερ</em></strong></span> <span class='ocrx_word' id='word_1_319' title='bbox 1717 3183 1736 3244; x_wconf 91' lang='lat'>6</span> <span class='ocrx_word' id='word_1_320' title='bbox 1753 3183 1858 3259; x_wconf 89' lang='grc' dir='ltr'><strong><em>λόγος,</em></strong></span> <span class='ocrx_word' id='word_1_321' title='bbox 1881 3183 1926 3254; x_wconf 83' lang='grc' dir='ltr'><strong><em>τός</em></strong></span> <span class='ocrx_word' id='word_1_322' title='bbox 1948 3181 1986 3246; x_wconf 86' lang='grc' dir='ltr'><strong><em>οῦ</em></strong></span> <span class='ocrx_word' id='word_1_323' title='bbox 2010 3183 2079 3265; x_wconf 85' lang='grc' dir='ltr'><strong><em>φῶς</em></strong></span> 
     </span>
     <span class='ocr_line' id='line_1_27' title="bbox 490 3284 2077 3370; baseline -0.005 -16"><span class='ocrx_word' id='word_1_324' title='bbox 490 3292 553 3354; x_wconf 81' lang='grc' dir='ltr'><strong><em>ἐστὶ</em></strong></span> <span class='ocrx_word' id='word_1_325' title='bbox 574 3291 686 3369; x_wconf 89' lang='grc' dir='ltr'><strong><em>μόνον,</em></strong></span> <span class='ocrx_word' id='word_1_326' title='bbox 710 3286 847 3370; x_wconf 81' lang='grc' dir='ltr'><strong><em>δόηγοῦν</em></strong></span> <span class='ocrx_word' id='word_1_327' title='bbox 869 3306 902 3349; x_wconf 85' lang='grc' dir='ltr'><strong><em>σε</em></strong></span> <span class='ocrx_word' id='word_1_328' title='bbox 923 3289 1004 3366; x_wconf 85' lang='grc' dir='ltr'><strong><em>πρὸς</em></strong></span> <span class='ocrx_word' id='word_1_329' title='bbox 1024 3288 1062 3349; x_wconf 87' lang='grc' dir='ltr'><strong><em>τά</em></strong></span> <span class='ocrx_word' id='word_1_330' title='bbox 1084 3285 1206 3364; x_wconf 85' lang='grc' dir='ltr'><strong><em>βελτίω,</em></strong></span> <span class='ocrx_word' id='word_1_331' title='bbox 1229 3284 1315 3347; x_wconf 85' lang='grc' dir='ltr'><strong><em>ἀλλά</em></strong></span> <span class='ocrx_word' id='word_1_332' title='bbox 1337 3291 1390 3348; x_wconf 80' lang='grc' dir='ltr'><strong><em>καὶ</em></strong></span> <span class='ocrx_word' id='word_1_333' title='bbox 1413 3290 1488 3366; x_wconf 86' lang='grc' dir='ltr'><strong><em>πῦρ,</em></strong></span> <span class='ocrx_word' id='word_1_334' title='bbox 1510 3285 1694 3349; x_wconf 86' lang='grc' dir='ltr'><strong><em>ἀνακόπτον</em></strong></span> <span class='ocrx_word' id='word_1_335' title='bbox 1708 3304 1758 3350; x_wconf 91' lang='grc' dir='ltr'><strong><em>σοι</em></strong></span> <span class='ocrx_word' id='word_1_336' title='bbox 1779 3285 1836 3367; x_wconf 78' lang='grc' dir='ltr'><strong><em>τήν</em></strong></span> <span class='ocrx_word' id='word_1_337' title='bbox 1857 3286 1902 3357; x_wconf 84' lang='grc' dir='ltr'><strong><em>είς</em></strong></span> <span class='ocrx_word' id='word_1_338' title='bbox 1923 3287 1960 3346; x_wconf 82' lang='grc' dir='ltr'><strong><em>τό</em></strong></span> <span class='ocrx_word' id='word_1_339' title='bbox 1984 3288 2077 3364; x_wconf 89' lang='grc' dir='ltr'><strong><em>χείρω</em></strong></span> 
     </span>
     <span class='ocr_line' id='line_1_28' title="bbox 493 3388 2080 3477; baseline -0.004 -20"><span class='ocrx_word' id='word_1_340' title='bbox 493 3399 613 3477; x_wconf 89' lang='grc' dir='ltr'><strong><em>φοράν,</em></strong></span> <span class='ocrx_word' id='word_1_341' title='bbox 645 3391 687 3464; x_wconf 78' lang='grc' dir='ltr'><strong><em>ὡς</em></strong></span> <span class='ocrx_word' id='word_1_342' title='bbox 709 3392 752 3453; x_wconf 89' lang='grc' dir='ltr'><strong><em>ἀν</em></strong></span> <span class='ocrx_word' id='word_1_343' title='bbox 774 3415 802 3452; x_wconf 93' lang='grc' dir='ltr'><strong><em>τι</em></strong></span> <span class='ocrx_word' id='word_1_344' title='bbox 832 3388 1011 3455; x_wconf 84' lang='grc' dir='ltr'><strong><em>κάντεῦθεν</em></strong></span> <span class='ocrx_word' id='word_1_345' title='bbox 1040 3391 1129 3472; x_wconf 83' lang='grc' dir='ltr'><strong><em>παρά</em></strong></span> <span class='ocrx_word' id='word_1_346' title='bbox 1160 3393 1213 3471; x_wconf 85' lang='grc' dir='ltr'><strong><em>τής</em></strong></span> <span class='ocrx_word' id='word_1_347' title='bbox 1241 3389 1362 3452; x_wconf 84' lang='grc' dir='ltr'><strong><em>ἐκείνου</em></strong></span> <span class='ocrx_word' id='word_1_348' title='bbox 1392 3390 1548 3474; x_wconf 87' lang='grc' dir='ltr'><strong><em>κερδόνης</em></strong></span> <span class='ocrx_word' id='word_1_349' title='bbox 1576 3391 1775 3465; x_wconf 87' lang='grc' dir='ltr'><strong><em>ἐπιστασίας,</em></strong></span> <span class='ocrx_word' id='word_1_350' title='bbox 1808 3392 1863 3452; x_wconf 84' lang='grc' dir='ltr'><strong><em>τὸν</em></strong></span> <span class='ocrx_word' id='word_1_351' title='bbox 1890 3394 2080 3472; x_wconf 85' lang='grc' dir='ltr'><strong><em>τραχτίτερον</em></strong></span> 
     </span>
     <span class='ocr_line' id='line_1_29' title="bbox 490 3492 2078 3582; baseline -0.006 -19"><span class='ocrx_word' id='word_1_352' title='bbox 490 3499 610 3582; x_wconf 87' lang='grc' dir='ltr'><strong><em>τρόπον</em></strong></span> <span class='ocrx_word' id='word_1_353' title='bbox 632 3496 816 3573; x_wconf 88' lang='grc' dir='ltr'><strong><em>ἀναγκαίως</em></strong></span> <span class='ocrx_word' id='word_1_354' title='bbox 838 3495 1117 3573; x_wconf 84' lang='grc' dir='ltr'><strong><em>οίκονομούμενος,</em></strong></span> <span class='ocrx_word' id='word_1_355' title='bbox 1151 3493 1260 3575; x_wconf 79' lang='grc' dir='ltr'><strong><em>ἐπειδή</em></strong></span> <span class='ocrx_word' id='word_1_356' title='bbox 1292 3494 1346 3556; x_wconf 91' lang='grc' dir='ltr'><strong><em>τδν</em></strong></span> <span class='ocrx_word' id='word_1_357' title='bbox 1375 3493 1553 3575; x_wconf 86' lang='grc' dir='ltr'><strong><em>πρᾳότερον</em></strong></span> <span class='ocrx_word' id='word_1_358' title='bbox 1581 3492 1766 3575; x_wconf 85' lang='grc' dir='ltr'><strong><em>ἀπήλεγξας</em></strong></span> <span class='ocrx_word' id='word_1_359' title='bbox 1789 3493 1964 3573; x_wconf 83' lang='grc' dir='ltr'><strong><em>ἄπρακτον.</em></strong></span> <span class='ocrx_word' id='word_1_360' title='bbox 1995 3495 2078 3556; x_wconf 84' lang='grc' dir='ltr'><strong><em>δ’θεν</em></strong></span> 
     </span>
     <span class='ocr_line' id='line_1_30' title="bbox 492 3596 2079 3685; baseline -0.004 -18"><span class='ocrx_word' id='word_1_361' title='bbox 492 3601 581 3675; x_wconf 79' lang='grc' dir='ltr'><strong><em>οὗτος</em></strong></span> <span class='ocrx_word' id='word_1_362' title='bbox 604 3600 679 3685; x_wconf 83' lang='grc' dir='ltr'><strong><em>ήμῖν</em></strong></span> <span class='ocrx_word' id='word_1_363' title='bbox 696 3598 712 3661; x_wconf 96' lang='lat'>6</span> <span class='ocrx_word' id='word_1_364' title='bbox 732 3604 803 3678; x_wconf 78' lang='grc' dir='ltr'><strong><em>περὶ</em></strong></span> <span class='ocrx_word' id='word_1_365' title='bbox 818 3602 886 3671; x_wconf 77' lang='grc' dir='ltr'><strong><em>τοδς</em></strong></span> <span class='ocrx_word' id='word_1_366' title='bbox 902 3598 1048 3676; x_wconf 82' lang='grc' dir='ltr'><strong><em>ἀγαθοὺς</em></strong></span> <span class='ocrx_word' id='word_1_367' title='bbox 1058 3597 1212 3674; x_wconf 89' lang='grc' dir='ltr'><strong><em>ἀγγέλους</em></strong></span> <span class='ocrx_word' id='word_1_368' title='bbox 1226 3597 1352 3669; x_wconf 85' lang='grc' dir='ltr'><strong><em>είκότως</em></strong></span> <span class='ocrx_word' id='word_1_369' title='bbox 1367 3598 1534 3679; x_wconf 82' lang='grc' dir='ltr'><strong><em>ἐπιφύεται</em></strong></span> <span class='ocrx_word' id='word_1_370' title='bbox 1550 3596 1663 3678; x_wconf 89' lang='grc' dir='ltr'><strong><em>φόβος,</em></strong></span> <span class='ocrx_word' id='word_1_371' title='bbox 1685 3598 1721 3673; x_wconf 81' lang='grc' dir='ltr'><strong><em>ἐξ</em></strong></span> <span class='ocrx_word' id='word_1_372' title='bbox 1738 3598 1828 3680; x_wconf 81' lang='grc' dir='ltr'><strong><em>ήμῶν</em></strong></span> <span class='ocrx_word' id='word_1_373' title='bbox 1840 3621 1871 3661; x_wconf 89' lang='grc' dir='ltr'><strong><em>τε</em></strong></span> <span class='ocrx_word' id='word_1_374' title='bbox 1885 3598 2079 3679; x_wconf 87' lang='grc' dir='ltr'><strong><em>γενντόμενος</em></strong></span> 
     </span>
     <span class='ocr_line' id='line_1_31' title="bbox 492 3698 2078 3789; baseline -0.002 -19"><span class='ocrx_word' id='word_1_375' title='bbox 492 3713 548 3771; x_wconf 75' lang='grc' dir='ltr'><strong><em>καὶ</em></strong></span> <span class='ocrx_word' id='word_1_376' title='bbox 571 3709 650 3787; x_wconf 85' lang='grc' dir='ltr'><strong><em>πρὸς</em></strong></span> <span class='ocrx_word' id='word_1_377' title='bbox 672 3705 755 3786; x_wconf 77' lang='grc' dir='ltr'><strong><em>ἡμᾶς</em></strong></span> <span class='ocrx_word' id='word_1_378' title='bbox 774 3698 1108 3788; x_wconf 67' lang='grc' dir='ltr'><strong><em>ἀναστρέφων·ήδπερ</em></strong></span> <span class='ocrx_word' id='word_1_379' title='bbox 1130 3708 1185 3763; x_wconf 86' lang='grc' dir='ltr'><strong><em>ίνα</em></strong></span> <span class='ocrx_word' id='word_1_380' title='bbox 1205 3700 1248 3782; x_wconf 79' lang='grc' dir='ltr'><strong><em>μή</em></strong></span> <span class='ocrx_word' id='word_1_381' title='bbox 1273 3700 1397 3789; x_wconf 83' lang='grc' dir='ltr'><strong><em>πάθης,</em></strong></span> <span class='ocrx_word' id='word_1_382' title='bbox 1420 3701 1471 3763; x_wconf 77' lang='grc' dir='ltr'><strong><em>ἀεί</em></strong></span> <span class='ocrx_word' id='word_1_383' title='bbox 1493 3705 1693 3781; x_wconf 88' lang='grc' dir='ltr'><strong><em>προσεκττκδς</em></strong></span> <span class='ocrx_word' id='word_1_384' title='bbox 1716 3701 1777 3764; x_wconf 81' lang='grc' dir='ltr'><strong><em>ἔσο</em></strong></span> <span class='ocrx_word' id='word_1_385' title='bbox 1791 3725 1856 3781; x_wconf 88' lang='grc' dir='ltr'><strong><em>μοι,</em></strong></span> <span class='ocrx_word' id='word_1_386' title='bbox 1880 3707 1932 3763; x_wconf 77' lang='grc' dir='ltr'><strong><em>καὶ</em></strong></span> <span class='ocrx_word' id='word_1_387' title='bbox 2002 3704 2078 3768; x_wconf 86' lang='lat'>130¹</span> 
     </span>
     <span class='ocr_line' id='line_1_32' title="bbox 491 3801 2081 3894; baseline -0.004 -19"><span class='ocrx_word' id='word_1_388' title='bbox 491 3815 544 3892; x_wconf 77' lang='grc' dir='ltr'><strong><em>τῆς</em></strong></span> <span class='ocrx_word' id='word_1_389' title='bbox 565 3812 752 3894; x_wconf 89' lang='grc' dir='ltr'><strong><em>προθυμίας</em></strong></span> <span class='ocrx_word' id='word_1_390' title='bbox 774 3806 929 3890; x_wconf 90' lang='grc' dir='ltr'><strong><em>μηδέποτε</em></strong></span> <span class='ocrx_word' id='word_1_391' title='bbox 951 3810 1002 3887; x_wconf 80' lang='grc' dir='ltr'><strong><em>τῆς</em></strong></span> <span class='ocrx_word' id='word_1_392' title='bbox 1026 3810 1097 3888; x_wconf 79' lang='grc' dir='ltr'><strong><em>περὶ</em></strong></span> <span class='ocrx_word' id='word_1_393' title='bbox 1127 3809 1159 3867; x_wconf 89' lang='grc' dir='ltr'><strong><em>τδ</em></strong></span> <span class='ocrx_word' id='word_1_394' title='bbox 1193 3803 1294 3868; x_wconf 88' lang='grc' dir='ltr'><strong><em>καλδν</em></strong></span> <span class='ocrx_word' id='word_1_395' title='bbox 1323 3803 1479 3893; x_wconf 80' lang='grc' dir='ltr'><strong><em>ἀποστῇς,</em></strong></span> <span class='ocrx_word' id='word_1_396' title='bbox 1511 3801 1613 3868; x_wconf 83' lang='grc' dir='ltr'><strong><em>τᾶλλα</em></strong></span> <span class='ocrx_word' id='word_1_397' title='bbox 1641 3806 1677 3867; x_wconf 82' lang='grc' dir='ltr'><strong><em>δέ</em></strong></span> <span class='ocrx_word' id='word_1_398' title='bbox 1706 3808 1749 3886; x_wconf 83' lang='grc' dir='ltr'><strong><em>μή</em></strong></span> <span class='ocrx_word' id='word_1_399' title='bbox 1778 3809 1893 3880; x_wconf 86' lang='grc' dir='ltr'><strong><em>πτοοῠ,</em></strong></span> <span class='ocrx_word' id='word_1_400' title='bbox 1928 3809 1971 3888; x_wconf 79' lang='grc' dir='ltr'><strong><em>τῷ</em></strong></span> <span class='ocrx_word' id='word_1_401' title='bbox 1999 3827 2081 3886; x_wconf 89' lang='grc' dir='ltr'><strong><em>προ-</em></strong></span> 
     </span>
     <span class='ocr_line' id='line_1_33' title="bbox 493 3902 2079 4003; baseline -0.002 -25"><span class='ocrx_word' id='word_1_402' title='bbox 493 3917 585 4003; x_wconf 87' lang='grc' dir='ltr'><strong><em>στάτη</em></strong></span> <span class='ocrx_word' id='word_1_403' title='bbox 608 3918 660 3996; x_wconf 80' lang='grc' dir='ltr'><strong><em>τῆς</em></strong></span> <span class='ocrx_word' id='word_1_404' title='bbox 682 3917 737 3994; x_wconf 85' lang='grc' dir='ltr'><strong><em>σής</em></strong></span> <span class='ocrx_word' id='word_1_405' title='bbox 759 3909 838 3992; x_wconf 85' lang='grc' dir='ltr'><strong><em>ζωής</em></strong></span> <span class='ocrx_word' id='word_1_406' title='bbox 857 3912 1132 3991; x_wconf 83' lang='grc' dir='ltr'><strong><em>κατωχυρωμένος,</em></strong></span> <span class='ocrx_word' id='word_1_407' title='bbox 1156 3912 1209 3970; x_wconf 80' lang='grc' dir='ltr'><strong><em>καί</em></strong></span> <span class='ocrx_word' id='word_1_408' title='bbox 1231 3912 1301 3990; x_wconf 78' lang='grc' dir='ltr'><strong><em>θεῷ</em></strong></span> <span class='ocrx_word' id='word_1_409' title='bbox 1324 3909 1493 3982; x_wconf 83' lang='grc' dir='ltr'><strong><em>πεποιθτδς</em></strong></span> <span class='ocrx_word' id='word_1_410' title='bbox 1513 3910 1556 3992; x_wconf 77' lang='grc' dir='ltr'><strong><em>τῷ</em></strong></span> <span class='ocrx_word' id='word_1_411' title='bbox 1578 3902 1835 3991; x_wconf 85' lang='grc' dir='ltr'><strong><em>τοιοότουςήμῖν</em></strong></span> <span class='ocrx_word' id='word_1_412' title='bbox 1851 3912 1920 3983; x_wconf 78' lang='grc' dir='ltr'><strong><em>τοὺς</em></strong></span> <span class='ocrx_word' id='word_1_413' title='bbox 1938 3913 2079 3992; x_wconf 81' lang='grc' dir='ltr'><strong><em>βοηθοὺς</em></strong></span> 
     </span>
     <span class='ocr_line' id='line_1_34' title="bbox 492 4011 2079 4102; baseline -0.004 -19"><span class='ocrx_word' id='word_1_414' title='bbox 492 4018 709 4102; x_wconf 85' lang='grc' dir='ltr'><strong><em>έπιστήσαντι·</em></strong></span> <span class='ocrx_word' id='word_1_415' title='bbox 743 4015 773 4077; x_wconf 84' lang='grc' dir='ltr'><strong><em>εί</em></strong></span> <span class='ocrx_word' id='word_1_416' title='bbox 793 4016 856 4095; x_wconf 76' lang='grc' dir='ltr'><strong><em>γάρ</em></strong></span> <span class='ocrx_word' id='word_1_417' title='bbox 879 4012 972 4087; x_wconf 80' lang='grc' dir='ltr'><strong><em>αὐτός</em></strong></span> <span class='ocrx_word' id='word_1_418' title='bbox 992 4036 1024 4076; x_wconf 91' lang='grc' dir='ltr'><strong><em>τε</em></strong></span> <span class='ocrx_word' id='word_1_419' title='bbox 1046 4015 1223 4093; x_wconf 83' lang='grc' dir='ltr'><strong><em>προσέχεις,</em></strong></span> <span class='ocrx_word' id='word_1_420' title='bbox 1258 4017 1312 4074; x_wconf 84' lang='grc' dir='ltr'><strong><em>καί</em></strong></span> <span class='ocrx_word' id='word_1_421' title='bbox 1341 4017 1396 4075; x_wconf 87' lang='grc' dir='ltr'><strong><em>τδν</em></strong></span> <span class='ocrx_word' id='word_1_422' title='bbox 1424 4011 1579 4094; x_wconf 83' lang='grc' dir='ltr'><strong><em>ὕψιστον*</em></strong></span> <span class='ocrx_word' id='word_1_423' title='bbox 1601 4011 1681 4092; x_wconf 84' lang='grc' dir='ltr'><strong><em>ἔχεις</em></strong></span> <span class='ocrx_word' id='word_1_424' title='bbox 1703 4018 1903 4097; x_wconf 87' lang='grc' dir='ltr'><strong><em>καταφυγήν,</em></strong></span> <span class='ocrx_word' id='word_1_425' title='bbox 1938 4011 1976 4078; x_wconf 86' lang='grc' dir='ltr'><strong><em>οῦ</em></strong></span> <span class='ocrx_word' id='word_1_426' title='bbox 1998 4035 2079 4096; x_wconf 92' lang='grc' dir='ltr'><strong><em>προ-</em></strong></span> 
     </span>
     <span class='ocr_line' id='line_1_35' title="bbox 492 4112 2080 4201; baseline -0.004 -13"><span class='ocrx_word' id='word_1_427' title='bbox 492 4123 670 4187; x_wconf 84' lang='grc' dir='ltr'><strong><em>σελεόσεται</em></strong></span> <span class='ocrx_word' id='word_1_428' title='bbox 691 4122 771 4198; x_wconf 88' lang='grc' dir='ltr'><strong><em>πρδς</em></strong></span> <span class='ocrx_word' id='word_1_429' title='bbox 794 4121 827 4180; x_wconf 78' lang='grc' dir='ltr'><strong><em>σὲ</em></strong></span> <span class='ocrx_word' id='word_1_430' title='bbox 850 4119 956 4179; x_wconf 87' lang='grc' dir='ltr'><strong><em>κακά·</em></strong></span> <span class='ocrx_word' id='word_1_431' title='bbox 979 4121 1032 4200; x_wconf 77' lang='grc' dir='ltr'><strong><em>τῆς</em></strong></span> <span class='ocrx_word' id='word_1_432' title='bbox 1053 4117 1218 4200; x_wconf 81' lang='grc' dir='ltr'><strong><em>ἀψευδοῦς</em></strong></span> <span class='ocrx_word' id='word_1_433' title='bbox 1241 4122 1351 4201; x_wconf 85' lang='grc' dir='ltr'><strong><em>φωνής</em></strong></span> <span class='ocrx_word' id='word_1_434' title='bbox 1366 4116 1473 4192; x_wconf 81' lang='grc' dir='ltr'><strong><em>ἄκουε,</em></strong></span> <span class='ocrx_word' id='word_1_435' title='bbox 1497 4120 1631 4180; x_wconf 73' lang='grc' dir='ltr'><strong><em>καὶτῶν</em></strong></span> <span class='ocrx_word' id='word_1_436' title='bbox 1652 4112 1751 4179; x_wconf 81' lang='grc' dir='ltr'><strong><em>ἀνιᾶν</em></strong></span> <span class='ocrx_word' id='word_1_437' title='bbox 1774 4118 1963 4200; x_wconf 87' lang='grc' dir='ltr'><strong><em>πεφυκότων</em></strong></span> <span class='ocrx_word' id='word_1_438' title='bbox 1985 4117 2080 4184; x_wconf 80' lang='grc' dir='ltr'><strong><em>οὐδὲν</em></strong></span> 
     </span>
     <span class='ocr_line' id='line_1_36' title="bbox 493 4218 2079 4309; baseline -0.005 -16"><span class='ocrx_word' id='word_1_439' title='bbox 493 4229 686 4309; x_wconf 88' lang='grc' dir='ltr'><strong><em>προσεγγίσει</em></strong></span> <span class='ocrx_word' id='word_1_440' title='bbox 709 4243 777 4286; x_wconf 89' lang='grc' dir='ltr'><strong><em>σοι·</em></strong></span> <span class='ocrx_word' id='word_1_441' title='bbox 805 4225 875 4284; x_wconf 89' lang='grc' dir='ltr'><strong><em>τίνα</em></strong></span> <span class='ocrx_word' id='word_1_442' title='bbox 897 4222 1015 4304; x_wconf 91' lang='grc' dir='ltr'><strong><em>τρόπον</em></strong></span> <span class='ocrx_word' id='word_1_443' title='bbox 1037 4224 1295 4304; x_wconf 77' lang='grc' dir='ltr'><strong><em>συντηρουμένηις</em></strong></span> <span class='ocrx_word' id='word_1_444' title='bbox 1318 4222 1365 4285; x_wconf 88' lang='grc' dir='ltr'><strong><em>ότι</em></strong></span> <span class='ocrx_word' id='word_1_445' title='bbox 1386 4232 1449 4294; x_wconf 85' lang='grc' dir='ltr'><strong><em>τοῖς</em></strong></span> <span class='ocrx_word' id='word_1_446' title='bbox 1468 4221 1614 4299; x_wconf 87' lang='grc' dir='ltr'><strong><em>ἀγγέλοις</em></strong></span> <span class='ocrx_word' id='word_1_447' title='bbox 1627 4218 1725 4285; x_wconf 78' lang='grc' dir='ltr'><strong><em>αὐτοῦ</em></strong></span> <span class='ocrx_word' id='word_1_448' title='bbox 1747 4222 1891 4309; x_wconf 86' lang='grc' dir='ltr'><strong><em>(φησίν*)</em></strong></span> <span class='ocrx_word' id='word_1_449' title='bbox 1913 4222 2079 4285; x_wconf 76' lang='grc' dir='ltr'><strong><em>ἐντελεῖται</em></strong></span> 
     </span>
     <span class='ocr_line' id='line_1_37' title="bbox 493 4323 2080 4412; baseline -0.003 -17"><span class='ocrx_word' id='word_1_450' title='bbox 493 4336 565 4412; x_wconf 81' lang='grc' dir='ltr'><strong><em>περί</em></strong></span> <span class='ocrx_word' id='word_1_451' title='bbox 587 4336 663 4404; x_wconf 88' lang='grc' dir='ltr'><strong><em>σοῦ,</em></strong></span> <span class='ocrx_word' id='word_1_452' title='bbox 697 4332 751 4389; x_wconf 78' lang='grc' dir='ltr'><strong><em>καὶ</em></strong></span> <span class='ocrx_word' id='word_1_453' title='bbox 772 4327 826 4389; x_wconf 76' lang='grc' dir='ltr'><strong><em>ἐπὶ</em></strong></span> <span class='ocrx_word' id='word_1_454' title='bbox 848 4333 962 4408; x_wconf 76' lang='grc' dir='ltr'><strong><em>χειροῖν</em></strong></span> <span class='ocrx_word' id='word_1_455' title='bbox 983 4325 1098 4410; x_wconf 84' lang='grc' dir='ltr'><strong><em>ἀροῦσί</em></strong></span> <span class='ocrx_word' id='word_1_456' title='bbox 1118 4343 1167 4401; x_wconf 89' lang='grc' dir='ltr'><strong><em>σε,</em></strong></span> <span class='ocrx_word' id='word_1_457' title='bbox 1199 4325 1241 4399; x_wconf 81' lang='grc' dir='ltr'><strong><em>ιδς</em></strong></span> <span class='ocrx_word' id='word_1_458' title='bbox 1269 4326 1312 4408; x_wconf 85' lang='grc' dir='ltr'><strong><em>μή</em></strong></span> <span class='ocrx_word' id='word_1_459' title='bbox 1337 4329 1518 4408; x_wconf 79' lang='grc' dir='ltr'><strong><em>βιασθῆναι</em></strong></span> <span class='ocrx_word' id='word_1_460' title='bbox 1546 4329 1641 4405; x_wconf 87' lang='grc' dir='ltr'><strong><em>τυχόν</em></strong></span> <span class='ocrx_word' id='word_1_461' title='bbox 1669 4323 1732 4390; x_wconf 89' lang='grc' dir='ltr'><strong><em>ῦπδ</em></strong></span> <span class='ocrx_word' id='word_1_462' title='bbox 1756 4331 1818 4390; x_wconf 78' lang='grc' dir='ltr'><strong><em>τῶν</em></strong></span> <span class='ocrx_word' id='word_1_463' title='bbox 1840 4328 2080 4409; x_wconf 88' lang='grc' dir='ltr'><strong><em>έχθραινόντων</em></strong></span> 
     </span>
     <span class='ocr_line' id='line_1_38' title="bbox 492 4427 2081 4516; baseline -0.002 -17"><span class='ocrx_word' id='word_1_464' title='bbox 492 4455 541 4499; x_wconf 92' lang='grc' dir='ltr'><strong><em>σοι</em></strong></span> <span class='ocrx_word' id='word_1_465' title='bbox 563 4435 682 4515; x_wconf 83' lang='grc' dir='ltr'><strong><em>μάτην*</em></strong></span> <span class='ocrx_word' id='word_1_466' title='bbox 706 4437 759 4493; x_wconf 77' lang='grc' dir='ltr'><strong><em>καί</em></strong></span> <span class='ocrx_word' id='word_1_467' title='bbox 782 4432 886 4516; x_wconf 81' lang='grc' dir='ltr'><strong><em>κύκλῳ</em></strong></span> <span class='ocrx_word' id='word_1_468' title='bbox 907 4433 1207 4511; x_wconf 85' lang='grc' dir='ltr'><strong><em>συνεπιτιθεμένων,</em></strong></span> <span class='ocrx_word' id='word_1_469' title='bbox 1228 4431 1309 4513; x_wconf 76' lang='grc' dir='ltr'><strong><em>μηδὲ</em></strong></span> <span class='ocrx_word' id='word_1_470' title='bbox 1332 4435 1455 4493; x_wconf 90' lang='grc' dir='ltr'><strong><em>παθεῖν</em></strong></span> <span class='ocrx_word' id='word_1_471' title='bbox 1477 4455 1505 4493; x_wconf 88' lang='grc' dir='ltr'><strong><em>τι</em></strong></span> <span class='ocrx_word' id='word_1_472' title='bbox 1526 4434 1589 4493; x_wconf 79' lang='grc' dir='ltr'><strong><em>τω“ν</em></strong></span> <span class='ocrx_word' id='word_1_473' title='bbox 1610 4427 1800 4513; x_wconf 82' lang='grc' dir='ltr'><strong><em>ἀνηκέστων,</em></strong></span> <span class='ocrx_word' id='word_1_474' title='bbox 1826 4432 2081 4496; x_wconf 89' lang='grc' dir='ltr'><strong><em>καταδυναστευ-</em></strong></span> 
     </span>
     <span class='ocr_line' id='line_1_39' title="bbox 493 4536 953 4619; baseline -0.011 -17"><span class='ocrx_word' id='word_1_475' title='bbox 493 4544 594 4602; x_wconf 89' lang='grc' dir='ltr'><strong><em>θέντα</em></strong></span> <span class='ocrx_word' id='word_1_476' title='bbox 618 4541 671 4599; x_wconf 80' lang='grc' dir='ltr'><strong><em>καὶ</em></strong></span> <span class='ocrx_word' id='word_1_477' title='bbox 692 4537 735 4617; x_wconf 82' lang='grc' dir='ltr'><strong><em>μή</em></strong></span> <span class='ocrx_word' id='word_1_478' title='bbox 759 4536 953 4619; x_wconf 87' lang='grc' dir='ltr'><strong><em>θελήσαντα.</em></strong></span> 
     </span>
    </p>

    <p class='ocr_par' dir='ltr' id='par_1_3' title="bbox 578 4629 2081 4723">
     <span class='ocr_line' id='line_1_40' title="bbox 578 4629 2081 4723; baseline 0 -21"><span class='ocrx_word' id='word_1_479' title='bbox 578 4642 656 4723; x_wconf 82' lang='grc' dir='ltr'><strong><em>“μή</em></strong></span> <span class='ocrx_word' id='word_1_480' title='bbox 685 4643 792 4702; x_wconf 91' lang='grc' dir='ltr'><strong><em>τοίνυν</em></strong></span> <span class='ocrx_word' id='word_1_481' title='bbox 823 4641 1022 4723; x_wconf 86' lang='grc' dir='ltr'><strong><em>θελήσωμεν,</em></strong></span> <span class='ocrx_word' id='word_1_482' title='bbox 1053 4636 1206 4722; x_wconf 87' lang='grc' dir='ltr'><strong><em>ἀδελφοί,</em></strong></span> <span class='ocrx_word' id='word_1_483' title='bbox 1236 4639 1279 4721; x_wconf 87' lang='grc' dir='ltr'><strong><em>μή</em></strong></span> <span class='ocrx_word' id='word_1_484' title='bbox 1303 4639 1499 4723; x_wconf 87' lang='grc' dir='ltr'><strong><em>θελήσωμεν,</em></strong></span> <span class='ocrx_word' id='word_1_485' title='bbox 1531 4641 1562 4701; x_wconf 83' lang='grc' dir='ltr'><strong><em>εί</em></strong></span> <span class='ocrx_word' id='word_1_486' title='bbox 1587 4661 1632 4713; x_wconf 89' lang='grc' dir='ltr'><strong><em>τις</em></strong></span> <span class='ocrx_word' id='word_1_487' title='bbox 1662 4629 1756 4717; x_wconf 89' lang='grc' dir='ltr'><strong><em>λόγος</em></strong></span> <span class='ocrx_word' id='word_1_488' title='bbox 1786 4635 1862 4723; x_wconf 82' lang='grc' dir='ltr'><strong><em>ήμῖν</em></strong></span> <span class='ocrx_word' id='word_1_489' title='bbox 1884 4643 1937 4721; x_wconf 86' lang='grc' dir='ltr'><strong><em>τής</em></strong></span> <span class='ocrx_word' id='word_1_490' title='bbox 1958 4639 2081 4703; x_wconf 75' lang='grc' dir='ltr'><strong><em>ἐαυταῖν</em></strong></span> 
     </span>
    </p>
   </div>
   <div class='ocr_carea' id='block_1_3' title="bbox 492 4788 2079 4934">
    <p class='ocr_par' dir='ltr' id='par_1_4' title="bbox 492 4788 2079 4934">
     <span class='ocr_line' id='line_1_41' title="bbox 562 4788 2079 4862; baseline 0.001 -18"><span class='ocrx_word' id='word_1_491' title='bbox 562 4812 591 4857; x_wconf 85' lang='lat'><strong><em>41</em></strong></span> <span class='ocrx_word' id='word_1_492' title='bbox 611 4792 702 4860; x_wconf 78' lang='lat' dir='ltr'>Ephes</span> <span class='ocrx_word' id='word_1_493' title='bbox 721 4795 744 4854; x_wconf 83' lang='lat'><strong><em>6,</em></strong></span> <span class='ocrx_word' id='word_1_494' title='bbox 764 4810 793 4845; x_wconf 84' lang='lat'><strong><em>12</em></strong></span> <span class='ocrx_word' id='word_1_495' title='bbox 808 4794 814 4857; x_wconf 84' lang='grc' dir='ltr'>Ι</span> <span class='ocrx_word' id='word_1_496' title='bbox 828 4812 860 4857; x_wconf 83' lang='grc' dir='ltr'><strong><em>4τ</em></strong></span> <span class='ocrx_word' id='word_1_497' title='bbox 878 4791 1050 4861; x_wconf 76' lang='grc' dir='ltr'><strong><em>δπερασπίζτι</em></strong></span> <span class='ocrx_word' id='word_1_498' title='bbox 1067 4789 1143 4845; x_wconf 79' lang='lat' dir='ltr'><strong>linea</strong></span> <span class='ocrx_word' id='word_1_499' title='bbox 1161 4789 1261 4845; x_wconf 78' lang='lat' dir='ltr'><strong>addita</strong></span> <span class='ocrx_word' id='word_1_500' title='bbox 1278 4809 1296 4845; x_wconf 83' lang='grc' dir='ltr'><strong><em>ο</em></strong></span> <span class='ocrx_word' id='word_1_501' title='bbox 1315 4809 1401 4847; x_wconf 77' lang='grc' dir='ltr'><strong><em>εοεαε</em></strong></span> <span class='ocrx_word' id='word_1_502' title='bbox 1418 4791 1574 4847; x_wconf 79' lang='lat' dir='ltr'>recentiore</span> <span class='ocrx_word' id='word_1_503' title='bbox 1593 4788 1763 4844; x_wconf 72' lang='grc' dir='ltr'><strong><em>δίυδτυιαιιδ</em></strong></span> <span class='ocrx_word' id='word_1_504' title='bbox 1777 4791 1782 4860; x_wconf 94' lang='grc' dir='ltr'>Ι</span> <span class='ocrx_word' id='word_1_505' title='bbox 1797 4811 1827 4859; x_wconf 87' lang='lat'><strong><em>43</em></strong></span> <span class='ocrx_word' id='word_1_506' title='bbox 1847 4791 1941 4848; x_wconf 77' lang='lat' dir='ltr'><strong>Psalm</strong></span> <span class='ocrx_word' id='word_1_507' title='bbox 1954 4811 2011 4862; x_wconf 77' lang='grc' dir='ltr'><strong><em>ρκς</em></strong></span> <span class='ocrx_word' id='word_1_508' title='bbox 2029 4793 2079 4862; x_wconf 70' lang='grc'><strong><em>143</em></strong></span> 
     </span>
     <span class='ocr_line' id='line_1_42' title="bbox 492 4860 1468 4934; baseline -0.003 -15"><span class='ocrx_word' id='word_1_509' title='bbox 492 4863 584 4919; x_wconf 68' lang='lat' dir='ltr'><strong>Psalm</strong></span> <span class='ocrx_word' id='word_1_510' title='bbox 604 4861 620 4914; x_wconf 67' lang='grc' dir='ltr'><strong><em>(λ</em></strong></span> <span class='ocrx_word' id='word_1_511' title='bbox 639 4882 654 4930; x_wconf 82' lang='lat'>9</span> <span class='ocrx_word' id='word_1_512' title='bbox 674 4882 704 4915; x_wconf 91' lang='lat'><strong><em>10</em></strong></span> <span class='ocrx_word' id='word_1_513' title='bbox 718 4867 724 4924; x_wconf 92' lang='grc' dir='ltr'>Ι</span> <span class='ocrx_word' id='word_1_514' title='bbox 738 4882 768 4929; x_wconf 83' lang='lat'><strong><em>43</em></strong></span> <span class='ocrx_word' id='word_1_515' title='bbox 789 4864 881 4918; x_wconf 77' lang='lat' dir='ltr'><strong>Psalm</strong></span> <span class='ocrx_word' id='word_1_516' title='bbox 900 4861 916 4916; x_wconf 79' lang='grc' dir='ltr'><strong><em>(ἐ</em></strong></span> <span class='ocrx_word' id='word_1_517' title='bbox 938 4882 965 4915; x_wconf 85' lang='lat'><strong><em>11</em></strong></span> <span class='ocrx_word' id='word_1_518' title='bbox 987 4882 1016 4915; x_wconf 84' lang='lat'><strong><em>12</em></strong></span> <span class='ocrx_word' id='word_1_519' title='bbox 1031 4863 1036 4930; x_wconf 88' lang='grc' dir='ltr'>Ι</span> <span class='ocrx_word' id='word_1_520' title='bbox 1052 4882 1082 4930; x_wconf 77' lang='grc'><strong><em>43</em></strong></span> <span class='ocrx_word' id='word_1_521' title='bbox 1102 4860 1196 4916; x_wconf 77' lang='grc' dir='ltr'><strong><em>Ρειείιῐι</em></strong></span> <span class='ocrx_word' id='word_1_522' title='bbox 1213 4864 1249 4915; x_wconf 87' lang='grc' dir='ltr'><strong><em>λδ</em></strong></span> <span class='ocrx_word' id='word_1_523' title='bbox 1265 4882 1294 4931; x_wconf 84' lang='lat'><strong><em>¹9</em></strong></span> <span class='ocrx_word' id='word_1_524' title='bbox 1313 4865 1354 4931; x_wconf 78' lang='grc' dir='ltr'><strong><em>(ξη</em></strong></span> <span class='ocrx_word' id='word_1_525' title='bbox 1372 4865 1399 4934; x_wconf 81' lang='grc' dir='ltr'><strong><em>ς)</em></strong></span> <span class='ocrx_word' id='word_1_526' title='bbox 1417 4883 1435 4932; x_wconf 91' lang='grc' dir='ltr'><strong><em>γ</em></strong></span> <span class='ocrx_word' id='word_1_527' title='bbox 1453 4881 1468 4930; x_wconf 88' lang='lat'>7</span> 
     </span>
    </p>
   </div>
   <div class='ocr_carea' id='block_1_4' title="bbox 0 0 2285 6164">
    <p class='ocr_par' dir='ltr' id='par_1_5' title="bbox 0 0 2285 6164">
     <span class='ocr_line' id='line_1_43' title="bbox 0 0 2285 6164; baseline 0 0"><span class='ocrx_word' id='word_1_528' title='bbox 0 0 2285 6164; x_wconf 95' lang='lat' dir='ltr'><strong><em> </em></strong></span> 
     </span>
    </p>
   </div>
  </div>
 </body>
</html>
