4560 6172
495 559 538 625 92

497 729 675 813 ἀντιφιλεῖν
704 729 732 793 δ’
761 728 817 795 οῦκ
845 729 963 794 έλόττω
990 729 1092 807 λέγων
1120 729 1190 809 ἅμα
1221 735 1274 791 καὶ
1301 730 1534 810 πιστευόμενος.
1580 728 1669 812 ἐἴης
1698 725 1755 793 οὖν
1780 750 1836 810 μοι
1866 732 1920 789 καὶ
1950 727 2012 802 ζῶν
2032 734 2088 790 ταί

496 833 675 917 λρρςτμένος
696 838 750 895 καί
771 835 915 913 εὔθυμος
922 882 932 912 ,
967 839 1020 894 καί
1051 837 1132 915 πρδς
1155 834 1160 921 Ι
1184 835 1301 906 τούτοις
1323 837 1366 916 τῷ
1389 830 1475 916 φίλῳ
1497 833 1553 915 την
1576 834 1647 915 ἴσην
1668 829 1847 915 δποσςόζςον
1870 830 1941 893 διό·
2009 833 2086 897 110¹

496 941 599 1014 θεσιν,
621 943 677 1021 την
698 941 822 1018 κρείττω
844 936 916 1017 γάρ.
954 935 1008 999 δια
1042 939 1085 1015 τίς
1120 940 1140 1019 η’
1168 942 1236 1009 πῶς
1258 939 1301 999 δν
1322 935 1411 1019 ἡμεῖς
1433 933 1659 1016 οἷναοχοίμεθα
1681 936 1716 997 τδ
1739 930 1828 1018 ἧττον
1850 936 1894 1008 είς
1915 957 1950 1011 γε
1973 934 2088 1016 φιλίαν

496 1043 576 1122 πρδς
597 1043 670 1113 τούς
691 1041 799 1122 φιλεῖν
819 1041 996 1112 ίθέλοντας
1017 1040 1266 1122 α’ποφέρεσθαις
1298 1043 1318 1123 η’
1347 1038 1406 1119 οὐχ
1433 1039 1506 1113 ἅλις
1535 1039 1582 1102 δτι
1607 1036 1790 1119 λειπόμεθα
1812 1040 1961 1101 τοσοῦτον
1983 1037 2087 1104 αύτεόν

495 1143 550 1207 ἐπί
569 1154 634 1217 τοῖς
655 1143 768 1216 ἄλλοις
795 1144 922 1220 καλοῖςς
957 1141 1042 1206 δλλδ
1072 1150 1127 1209 τοῦ
1148 1168 1182 1221 γε
1205 1144 1311 1225 φιλεῖν
1333 1142 1439 1208 ούδενί
1465 1146 1529 1206 τῶν
1551 1142 1680 1206 πάντων
1709 1140 1987 1225 παραχωρησομεν
2015 1140 2085 1207 οδδ’

495 1246 659 1330 ίφύσομεν
690 1249 859 1327 πρωτεύειν
887 1243 993 1330 η’μόίν,
1027 1246 1167 1331 ἰσότητος
1189 1248 1219 1311 δ’
1242 1251 1285 1310 δν
1305 1248 1450 1320 ἐπιεικοῦς
1470 1246 1691 1328 μεταδοίημεν,
1722 1251 1777 1308 καί
1797 1245 1938 1327 μα’λιστα
1960 1248 2020 1320 σοί,
2045 1250 2087 1330 τῷ

496 1350 685 1433 προσθήκην
713 1361 778 1424 τοῖς
804 1350 947 1435 φίλτροις
979 1350 1014 1412 έκ
1044 1357 1097 1434 τῆς
1130 1356 1184 1412 καί
1216 1353 1293 1413 καθ’
1324 1348 1404 1430 αίμα
1435 1372 1515 1431 προς
1543 1350 1628 1432 ἡμᾶς
1660 1353 1829 1422 κοινωνίας
1859 1353 2010 1429 παρέχειν
2042 1352 2085 1423 όις

495 1454 579 1528 είκδς
600 1455 710 1532 ἔχοντι.

584 1561 673 1626 171.
697 1561 746 1636 οβ.
779 1555 907 1632 ιὈλίγα
928 1560 988 1638 μὲν
1011 1555 1098 1638 ἡμεῖς
1119 1556 1250 1620 δυνατοὶ
1271 1556 1327 1619 διὰ
1349 1561 1412 1619 τοῖν
1434 1559 1594 1636 σαρκικῶν
1616 1557 1735 1621 τούτων
1757 1554 1871 1638 ὄψεων
1892 1568 1957 1631 τοῖς
1979 1558 2086 1642 φίλοις

498 1664 715 1738 συγγίνεσθαι,
738 1660 794 1726 ούκ
817 1661 910 1739 δλίγα
934 1660 970 1725 δὲ
992 1661 1119 1734 πάντας
1141 1661 1196 1724 διδ
1219 1664 1283 1723 τοῖν
1305 1664 1454 1741 ψυχικῶν
1475 1665 1529 1722 καί
1551 1658 1698 1741 α’δηλων·
1721 1659 1765 1733 οἷς
1788 1682 1851 1723 που
1873 1667 1927 1723 καί
1949 1663 2005 1745 την
2026 1663 2084 1744 στὶν

496 1763 641 1848 ὁσιότητα
673 1768 776 1845 βραχύ
803 1767 866 1847 πρδ
895 1769 1009 1846 καιροῦ
1039 1769 1122 1836 τινος
1144 1768 1399 1849 συγχωρηθέντος
1421 1764 1503 1827 ίδεῖν
1525 1770 1579 1827 καί
1601 1767 1678 1829 ὅσον
1698 1767 1735 1829 έν
1755 1764 1862 1849 ὕπνῳ,
1893 1764 1974 1827 κατὰ
1998 1768 2084 1831 τοῦτο

496 1868 536 1953 δη
556 1869 592 1932 τό
615 1868 818 1949 βλεπόμενον
840 1868 986 1948 δορότως
1018 1866 1094 1958 αι’-τῇ
1124 1868 1179 1931 διὰ
1206 1869 1325 1940 παντός
1353 1872 1515 1947 σύνεσμεν,
1550 1875 1604 1932 καί
1632 1871 1687 1933 τδν
1714 1869 1853 1935 πλοῦτον
1881 1871 1945 1931 τῶν
1974 1870 2085 1952 ταύτης

495 1971 616 2050 α’ρετιῦν
645 1975 841 2053 θεωροῦμεν,
878 1977 933 2034 καί
960 1971 1062 2056 ἡδέως
1092 1970 1187 2036 αὐτοῦ
1213 1977 1464 2052 κατατροφῶμεν
1499 1978 1552 2033 καί
1582 1970 1808 2053 ἀπολαύομεν,
1840 1973 1881 2035 δι’
1911 1969 2003 2055 τύχης
2035 1972 2084 2035 δτι

493 2076 632 2155 μόλιστα
661 2077 857 2159 θερμοτάτης
885 2075 955 2155 α’μα
978 2073 1162 2155 ποιούμενοι
1194 2080 1248 2137 καί
1278 2074 1321 2137 δι’
1350 2075 1490 2155 ἐφέσεως
1511 2075 1649 2154 ἔχοντες,
1678 2077 1733 2139 ίπί
1753 2077 1903 2159 μήκιστον
1923 2076 2000 2158 ἡμῖν
2021 2099 2083 2155 χα-

494 2183 649 2261 ρισθῆναι
678 2184 732 2240 καί
750 2185 844 2242 παντί
865 2184 909 2262 τῷ
932 2179 1012 2240 καθ’
1036 2177 1119 2261 ἡμᾶς
1139 2182 1198 2263 βίῳ
1220 2181 1308 2242 τοῦτο
1330 2180 1364 2240 τδ
1387 2182 1496 2241 κοινδν
1519 2177 1663 2258 α’γαθόν,
1698 2178 1725 2242 τί
1744 2182 1846 2264 μηδὲν
1867 2180 1981 2262 ὅμοιον
2002 2179 2085 2245 ίδεῖν

494 2282 577 2346 ἐστίν
597 2285 702 2361 ἕτερον
726 2282 730 2368 Ι
754 2281 791 2344 έν
812 2285 941 2355 ταύταις
968 2292 1038 2355 ταῖς
1066 2279 1197 2363 ἡμέραις
1226 2278 1326 2363 ἡμῶν.
1371 2280 1439 2363 ἐἴη
1471 2285 1578 2344 τοίνυν
1606 2281 1686 2345 οῦτοι
1717 2289 1770 2345 καί
1799 2289 1937 2362 γίνοιτο,
2007 2285 2084 2351 110²

493 2391 547 2448 καί
575 2388 631 2468 τὴν
659 2389 717 2467 ση“ν
753 2384 901 2468 ἀγιότητα
939 2386 1146 2467 χρονιώτερον
1183 2384 1329 2464 ἐμμεῖναι
1358 2386 1401 2468 τῷ
1429 2387 1490 2470 βίῳ
1523 2385 1539 2447 δ
1571 2389 1634 2448 τεόν
1664 2389 1744 2449 κατὰ
1776 2391 1810 2450 σε
1839 2388 1973 2451 δικαίων
2004 2389 2083 2462 θεός

493 2486 671 2571 εύδοκησοι,
695 2488 822 2551 ἄλυπόν
843 2511 875 2550 τε
897 2493 951 2549 καί
973 2490 1093 2551 ἄνοσον
1121 2488 1172 2550 δεῖ
1200 2491 1359 2572 συντηρεῖν
1387 2493 1442 2550 καί
1470 2493 1591 2565 παντός
1618 2491 1798 2572 λλευθέραν
1827 2488 2008 2575 α’βουλητοο
2030 2496 2085 2554 καί

493 2590 624 2676 αἠδοῦς.
645 2596 718 2672 περί
739 2587 786 2654 οἷν
807 2596 862 2655 καί
883 2590 1073 2672 ἀρκούντως.
1125 2591 1222 2653 ³a’u’
1246 2591 1374 2665 ολντίδος
1403 2598 1457 2654 καί
1480 2591 1574 2667 αύτδς
1595 2591 1671 2679 ἡμῖν
1692 2598 1772 2675 μίαν
1792 2601 1958 2677 μακαρίαν
1978 2594 2083 2680 εύχην,

494 2695 533 2778 ἢν
555 2694 634 2777 ὑπὲρ
655 2698 786 2777 χρυσίον
807 2699 862 2757 καί
884 2694 982 2758 λίθον
1003 2694 1236 2775 λπιποθοῦμεν,
1259 2701 1314 2757 καί
1336 2712 1386 2761 σοι
1407 2697 1517 2761 πόντα
1538 2702 1656 2782 χωροίη
1678 2703 1756 2762 κατδ
1772 2705 1895 2763 σκοπόν
1909 2704 2083 2780 πανταχοῦ,

492 2799 552 2862 δσα
573 2823 605 2862 τε
626 2800 707 2880 πρός
728 2797 763 2863 τό
786 2801 843 2863 νῦν
864 2799 938 2875 έστί,
961 2804 1015 2861 καί
1036 2798 1147 2885 πολλῷ
1169 2799 1271 2863 πλέον
1293 2799 1354 2862 όσα
1376 2801 1456 2882 πρὸς
1477 2807 1511 2864 τό
1532 2802 1653 2883 μέλλον
1675 2807 1729 2864 καί
1751 2803 1806 2886 την
1827 2804 1956 2869 ἐλπίδα.

579 2906 671 2971 172.
694 2925 742 2980 ογ.
768 2903 950 2980 ιἈλγεινύν
969 2907 1030 2984 μέν
1050 2904 1182 2986 σφόδρα
1203 2907 1237 2966 τδ
1261 2902 1373 2978 πόθος
1395 2904 1448 2992 (ού
1462 2907 1525 2989 γδρ
1537 2907 1619 2970 ἔστιν
1637 2907 1739 2969 εἰπεῖν
1755 2905 1797 2979 ὥς
1813 2905 1907 2990 ούχί),
1932 2905 2083 2985 α’λγεινδν

491 3009 573 3085 πρδς
601 3005 764 3090 ἀληθειαν
793 3014 848 3071 καί
877 3009 951 3073 λίαν
980 3007 1148 3091 ὀδυνηρόν,
1182 3007 1220 3071 ού
1249 3013 1370 3093 γηραιῷ
1405 3014 1501 3090 πατρί
1528 3015 1633 3090 μόνον
1662 3015 1717 3073 καί
1737 3015 1885 3075 τοσοῦτον
1906 3010 2083 3094 φιλόπαιδι

492 3109 638 3182 θάνατος
659 3105 731 3175 υίοῦ
753 3112 989 3195 φιλοπότορος,
1021 3111 1055 3175 τδ
1078 3116 1253 3194 σῶμαμίν
1276 3117 1367 3188 νέον,
1389 3113 1533 3179 παλαιοῦ
1555 3114 1648 3178 δὲτὸ
1670 3119 1842 3198 φρόνημα,
1874 3121 1928 3177 καί
1949 3116 2087 3196 παιδείᾳ,

490 3220 545 3279 καί
566 3216 675 3290 λόγοις
696 3222 751 3278 καί
771 3217 878 3297 χάρισι
901 3219 1068 3290 παντοίαις
1089 3220 1341 3300 κεκοσμημένον,
1376 3223 1431 3279 καί
1461 3217 1516 3281 διδ
1547 3221 1644 3282 ταῦτα
1672 3229 1737 3292 τοῖς
1759 3223 1840 3282 πᾶσι
1861 3220 2084 3304 προσηκόντως

492 3321 709 3404 λγαπημένου.
755 3319 813 3384 ὀύ
842 3326 937 3404 πατρί
967 3324 1073 3383 τοίνυν
1101 3319 1206 3401 μόνον
1232 3320 1374 3400 χαλεπὸν
1404 3325 1458 3382 καί
1479 3323 1694 3405 βαρίτατονή
1718 3322 1851 3407 τοσαύτη
1874 3325 1977 3408 ζημία,
2012 3322 2081 3390 οὐδ’

491 3422 568 3506 ύμῖν
581 3434 646 3496 τοῖς
658 3427 865 3488 κοινωνοῦσιν
877 3423 1053 3504 δγχιστείας
1075 3425 1096 3505 ἢ
1118 3430 1251 3503 αίματος
1273 3429 1327 3485 καί
1349 3423 1405 3487 διὰ
1428 3424 1569 3506 φίλτρων
1590 3426 1745 3491 τοσούτων
1767 3425 1824 3489 ἀπ’
1846 3425 1946 3507 α’ρχῦς
1967 3447 2083 3511 συνημ-

490 3530 612 3608 μένοις,
648 3524 733 3590 ολλλδ
757 3533 810 3588 καὶ
829 3531 929 3592 πᾶσιν
950 3528 1069 3613 (οἶμαι)
1091 3538 1155 3599 τοῖς
1170 3527 1253 3600 ύλως
1269 3532 1453 3608 πειραθεῖσι
1471 3533 1524 3610 τῆς
1540 3528 1788 3605 καλοκδγαθίας
1802 3535 1858 3595 τού
1875 3530 2081 3606 α’πελθόντος

488 3635 583 3715 η’καί
605 3631 712 3704 ἄλλως
732 3636 903 3711 γνωρίσασι
924 3634 980 3695 τόν
1002 3629 1109 3713 ἄνδρα
1132 3631 1175 3694 δι’
1198 3629 1307 3713 α’κοῦς.
1335 3631 1339 3717 1
1364 3630 1407 3694 ἔτι
1441 3631 1469 3694 δ’
1499 3632 1587 3712 οίμαι
1615 3637 1679 3697 τῶν
1700 3634 1801 3695 ὄντων
1823 3632 1925 3708 ούδελς
2005 3640 2080 3700 111¹

488 3737 525 3810 ὃς
546 3733 602 3801 οὐκ
625 3736 705 3811 ἔγνω
728 3740 782 3796 καί
803 3736 935 3818 ἤκουσεν
956 3733 1094 3814 α’νιαρὸν
1114 3733 1241 3807 εἰκότως
1262 3737 1295 3799 τό
1318 3739 1452 3816 πρᾶγμα
1474 3741 1528 3797 καὶ
1551 3737 1702 3820 λυπηρόν,
1730 3741 1784 3798 καί
1805 3737 1897 3819 κοινή
1918 3761 1963 3811 τις
1985 3738 2078 3822 ζημία

489 3843 544 3902 καί
565 3840 717 3921 συμφοραί
739 3840 773 3902 τύ
796 3838 933 3917 ουμβόν.
979 3836 1086 3901 1τίλλοὶ
1116 3841 1145 3901 τί
1174 3838 1244 3902 ποτ’
1271 3841 1314 3900 οίν
1342 3841 1487 3919 εἴποιμεν
1509 3837 1598 3922 ἡμεῖς
1620 3843 1669 3904 ἐπ’
1692 3839 1794 3922 αὐτοῦς
1826 3845 1855 3903 τί
1877 3842 1907 3905 δ’
1929 3845 1972 3904 δν
1995 3844 2080 3925 δρό-

489 3961 603 4025 σαιμεν
625 3942 708 4006 ἄλλο
730 3942 814 4024 πλην
835 3945 855 4025 η“
875 3945 979 4024 μόνον
999 3943 1117 4020 ἐκεῖνος
1145 3944 1406 4027 μνησθησόμεθα
1430 3947 1511 4009 θεοῦ
1533 3967 1565 4007 τε
1586 3950 1640 4006 καί
1662 3945 1803 4027 φύσεως,
1835 3951 1889 4007 καί
1911 3944 1955 4020 τίς
1977 3944 1994 4010 ό
2019 3952 2079 4028 μὲν

487 4047 506 4110 δ
536 4047 629 4122 αὐτός
657 4047 741 4111 ἐστιν
767 4043 785 4110 δ
816 4050 870 4108 καὶ
899 4038 1058 4128 συνδησας
1081 4051 1134 4109 καί
1162 4047 1274 4124 λύσας,
1304 4046 1323 4111 δ
1352 4071 1384 4110 τε
1410 4048 1466 4129 την
1495 4047 1597 4130 α’ρχην
1626 4048 1870 4129 παρασχόμενος
1899 4056 1953 4113 καὶ
1981 4052 2085 4118 δνύν

489 4151 704 4236 α’φελόμενος,
736 4149 754 4233 ἢ
778 4150 816 4212 δὲ
838 4150 933 4232 φύσις
955 4152 989 4212 τε)
1012 4152 1125 4224 πόθος
1147 4150 1204 4213 ἀπ’
1226 4149 1326 4234 α’ρχῆς
1349 4155 1539 4236 κατεκρίθη,
1577 4157 1631 4214 καί
1661 4151 1715 4215 διὰ
1745 4153 1864 4226 παντδς
1886 4157 1964 4216 καθ’
1987 4153 2078 4230 ἅπαξ

487 4254 675 4328 δθόνατος
695 4262 792 4335 χωρεῖ
811 4257 866 4318 τού
889 4256 1009 4336 θνητοῦ
1016 4302 1029 4331 ,
1059 4260 1114 4317 καί
1142 4252 1238 4320 ούδὲν
1264 4254 1334 4320 οὕτε
1363 4259 1492 4332 γέγονεν
1521 4255 1590 4321 οὔτε
1613 4257 1696 4320 ἔστιν
1725 4258 1790 4324 οὔτ’
1822 4259 1907 4322 ἔσται
1931 4263 1994 4323 τείν
2014 4259 2077 4327 ὑπδ

487 4361 521 4422 τδ
543 4359 620 4425 αύτδ
640 4361 820 4439 γενομένων
842 4357 896 4440 ἐφ’
917 4355 1008 4432 ἅπαξ
1029 4365 1082 4441 τῆς
1105 4362 1239 4441 φθορᾶς
1261 4361 1369 4440 ταύτης
1393 4362 1508 4440 κρίμα,
1538 4361 1556 4422 δ
1587 4363 1629 4444 μη
1658 4364 1747 4426 τοῦτο
1777 4367 1831 4423 καί
1853 4363 2003 4425 πέπονθε
2023 4369 2078 4425 καί

485 4465 601 4543 πάσχει
638 4466 694 4523 καὶ
715 4465 870 4537 πείσεται,
905 4464 967 4524 κδν
987 4464 1022 4524 τδ
1044 4466 1104 4541 μὲν
1126 4461 1232 4525 αύτύν
1260 4461 1380 4541 τόχιον,
1413 4465 1447 4526 τό
1479 4465 1514 4526 δέ
1545 4470 1598 4526 καί
1628 4465 1764 4547 βράδιον
1793 4467 1869 4539 ἴσως
1890 4469 1999 4553 πόσχη
2022 4472 2076 4528 καί

486 4567 605 4652 λύηται.
650 4566 864 4646 *θαυμαστόν
885 4563 945 4629 οὖν
966 4564 1062 4630 οῦδὲν
1083 4564 1158 4629 οῦδὲ
1181 4566 1215 4629 τδ
1239 4564 1297 4631 νῦν
1318 4557 1409 4629 καλὼ
1422 4565 1583 4650 ἡμέτερον,
1606 4567 1690 4631 α’λλά
1715 4573 1769 4631 καὶ
1790 4567 1865 4631 λίαν
1887 4567 2079 4653 ἀνθρώποις

488 4669 627 4754 σύνηθές
649 4693 680 4732 τε
709 4673 763 4730 καί
791 4667 963 4750 γνοίριμον,
994 4675 1048 4731 καί
1079 4670 1175 4735 οὐδὲν
1204 4669 1303 4743 ούτως
1330 4672 1437 4753 ἕτερον
1466 4671 1509 4744 ύς
1538 4669 1749 4754 α’νθριόπινος
1771 4670 1917 4745 θόνατος
1940 4676 1978 4762 τῇ
1999 4677 2080 4736 καθ’

485 4773 568 4857 ημᾶς
590 4773 652 4863 ζωῇ
673 4794 704 4834 τε
727 4777 781 4834 καί
801 4774 916 4850 γναίσει
937 4777 1148 4860 ουνφκείωταί
1170 4799 1201 4839 τε
1223 4780 1278 4836 καί
1300 4780 1549 4856 κατατίιριπται.
1595 4776 1645 4838 1εί
1669 4776 1697 4839 δ’
1718 4777 1845 4856 ένοχλεῖ
1858 4777 1892 4839 τύ
1907 4776 1970 4858 πρδ
1989 4777 2076 4859 οίρας

484 4877 560 4950 ἴσως
580 4876 744 4952 ένταῦθα,
777 4873 850 4939 ἀλλ’
879 4873 981 4941 έκεῖνο
1003 4878 1132 4954 πόντιος
1152 4877 1210 4944 οὒκ
1232 4880 1371 4963 όκαιρον
1391 4883 1472 4963 πρός
1492 4885 1582 4944 τοῦτο
1604 4881 1816 4960 λογίσασθαι,
1849 4877 1895 4944 ότι
1919 4879 1936 4943 δ
1958 4881 2076 4944 τάττων
