4560 6172
276 706 443 771 θάλασσα.
535 712 599 771 Τοῦ
622 707 650 768 δ’
673 708 788 781 ὕδατος
812 708 966 771 θάλασσα
991 716 1155 793 θησαυρός
1177 714 1288 790 πάλιν,

537 821 601 884 τοίς
624 809 723 873 άσσον
745 810 827 874 ούσα
849 816 965 892 θαῦμα
987 824 1050 886 τοίς
1071 817 1306 901 χερσοτρόφοις,

536 915 607 989 άγει
630 913 784 987 πλέοντας
805 914 894 991 ἐγγύς
916 930 967 978 τεί
990 923 1044 980 τοῦ
1068 921 1225 984 θανάτου.
1788 923 1832 987 65

262 1002 425 1095 πέλαγος.
535 1017 644 1089 Πέλας
667 1016 703 1078 δὲ
724 1022 801 1100 γῆςῙΓ
824 1018 963 1093 πέλαγος
985 1017 1067 1083 ε’ίναι
1090 1023 1234 1088 δεικνύει.

275 1122 429 1199 ποταμός.
531 1121 646 1200 Ἀθρει
668 1127 766 1183 ποτόν
788 1121 839 1183 δὲΒ
864 1123 981 1203 ῥεῖθρα
1006 1131 1159 1205 ποταμῶν
1181 1127 1261 1205 οἶμα.
1614 1133 1646 1194 ⁶7
1666 1129 1763 1183 πόντον
1784 1130 1831 1184 δέί

277 1224 381 1307 λίμνη.
530 1223 636 1305 Ὑδτορ
658 1222 687 1285 δ’
710 1224 859 1306 έφεστδςί
882 1227 917 1288 έν
940 1228 1067 1307 λίμναις
1090 1229 1164 1291 λίαν
1184 1233 1306 1306 mma.
1654 1200 1782 1271 Laqw
1818 1269 1824 1283 ι

277 1328 389 1410 πηγηὟ.
537 1327 627 1409 Πηνὴ
651 1327 687 1389 δὲ
708 1331 760 1410 τῆς
782 1335 838 1410 γῆς
859 1331 950 1392 ἐστί’*
973 1334 1082 1412 πιότης
1105 1332 1192 1416 φίλη.

276 1430 361 1509 ὄρος.
528 1431 644 1511 Ὄροςί
667 1431 695 1493 δ’
718 1428 836 1512 ὃρατδν
858 1435 979 1513 ὄμμασι
1001 1439 1054 1494 καὶ
1076 1438 1253 1515 μακρόθεν.
1788 1442 1832 1506 70

275 1535 400 1611 βουνός.
531 1535 617 1596 Ἅνω
640 1534 676 1597 δὲ
697 1537 801 1614 βαίνει
823 1539 938 1613 βουνός
961 1538 1003 1609 οἱς
1025 1541 1106 1617 πρὸς
1129 1539 1262 1620 αἰθέρα.

276 1638 398 1700 πεδίον.
531 1636 628 1716 Ἔδρα
651 1638 682 1698 δ’
703 1637 796 1710 ww
818 1661 849 1699 τε
871 1644 933 1700 τῶν
955 1640 1066 1702 ποδοίν
1088 1641 1121 1704 τδ
1148 1641 1270 1705 πεδίον.

276 1741 405 1823 ὄμβρος.
529 1740 629 1820 Ὁμοῦ
651 1744 779 1821 βρίθων
801 1741 875 1820 ῥοῦς
897 1742 1015 1822 ὄμβρος
1038 1742 1189 1826 ῦψόθενΖ
1215 1743 1288 1828 ῥέει.

278 1841 373 1915 ῦετός.
533 1841 569 1904 Ὁ
593 1843 623 1904 δ’
644 1842 732 1914 ὑετὸς
754 1847 824 1917 πῶς
847 1844 934 1907 ὕεται
957 1853 1070 1928 σαφοῦς
1092 1845 1188 1928 ύδωρ.

279 1947 365 2026 χιών.
437 1938 440 1953 “
537 1947 628 2007 Χιών
651 1945 687 2007 δὲ
709 1956 808 2024 χεῖται
832 1953 884 2009 καὶ
908 1948 1045 2011 κάτεισιν
1067 1946 1191 2030 α’θρόα.

277 2049 384 2132 χάλαζ
406 2095 414 2112 .
536 2054 652 2128 Βρίθει
676 2049 802 2127 χάλαζα
826 2056 878 2112 καὶ
902 2052 1040 2129 χαλᾶται
1063 2055 1120 2114 σύν
1143 2053 1232 2125 ζόσει.

278 2153 478 2237 κρύσταλλος.
536 2151 689 2233 Σφοδρδν
712 2154 805 2233 κρύος
828 2155 875 2228 δέ,
899 2158 1102 2237 συμπεπηγδς
1124 2155 1167 2228 ὥς
1190 2156 1283 2232 άλας,

537 2258 704 2332 ἐξάλλεται
727 2257 917 2337 κρύσταλλος
939 2260 974 2319 ἐκ
997 2262 1058 2320 τῶν
1081 2258 1217 2322 ὑδάτων.

278 2361 393 2444 πάχνη.
532 2359 626 2442 Ἀηρει
649 2365 828 2439 παχυνθείς
849 2362 884 2423 ἐκ
908 2363 1041 2443 ψύχους,
1067 2365 1156 2425 τίκτει
1180 2361 1317 2446 πάχνην,

277 2468 411 2545 πνεῦμα.
541 2463 651 2547 ῙΙάντη
674 2463 710 2526 δὲ
733 2465 815 2526 νεύει
838 2469 964 2543 πνεῦμα
988 2470 1055 2526 πᾶν
1076 2465 1177 2548 χύδην
1200 2465 1284 2550 ῥέον.

276 2571 428 2646 καταιγίς.
539 2566 640 2642 Φύσις
661 2574 722 2647 γάρ
745 2568 843 2649 αὑτηί)
866 2572 919 2630 καὶ
942 2573 1083 2645 καταιχίς
1104 2568 1238 2652 ὑψόθεν

537 2673 618 2750 πρὸς
635 2674 695 2752 γῆν
718 2668 840 2732 άίσσειῦ
862 2675 915 2730 καὶ
937 2670 1109 2745 κατάγνυσι
1134 2672 1250 2756 σκάφη.

277 2777 415 2840 θύελλα.
537 2776 617 2836 Θόει
639 2773 763 2838 θύελλα
786 2784 977 2854 συστροφαῖς
999 2772 1205 2854 ἑλιγμάτωνί.

279 2879 439 2961 λαίλαψθ.
538 2882 625 2940 Λίαν
648 2879 676 2941 δ’
698 2878 825 2940 ἐλαύνει
848 2879 953 2940 πάντα
978 2877 1136 2949 λαίλαπος
1157 2882 1222 2956 βία.

279 2980 399 3064 ὁμίχλη.
529 2977 630 3059 Ὁμοῦ
651 2979 679 3041 δ’
702 2978 814 3063 ὁμίχλη
838 2982 896 3042 σὺν
916 2981 1029 3062 γνόφῳ
1051 2980 1229 3063 χαλωμένη,

512 3083 760 3156 ”κατασκεδάζει
782 3083 835 3165 τη“υ
858 3078 979 3160 α’χλύνί
1000 3088 1060 3143 τῶν
1083 3082 1243 3162 δμμάτων.

279 3187 416 3273 νιφετός.
536 3186 625 3266 Πρός
645 3190 704 3266 γῆν
727 3190 853 3268 νιφετός
876 3185 978 3267 διέστη
1002 3189 1066 3257 πᾶς
1088 3185 1123 3246 ἐκ
1147 3188 1275 3268 νέφους.

279 3294 403 3375 δρόσος.
538 3289 659 3368 Δρόσος
682 3288 710 3350 δ’
733 3289 809 3352 ὅσον
831 3301 878 3351 τι8
899 3290 1014 3369 μικρὸν
1037 3287 1152 3361 ύδατος
1173 3293 1278 3374 μέρος.

279 3397 393 3479 ψεκάς.
540 3389 672 3464 Ψεκάς11
695 3391 723 3453 δ’
746 3391 821 3465 ἑκάς
843 3389 987 3471 πρόεισιν
1010 3390 1076 3472 όψὲ
1098 3396 1151 3452 καί
1174 3392 1275 3470 μόλις.

278 3499 436 3579 άστραπη.
537 3495 668 3574 Ἀοτρου
691 3494 842 3568 πεσόντος
864 3492 1027 3576 α’στραπῆς
1050 3495 1139 3557 δοκεῖ
1158 3495 1265 3573 χύσις·

537 3597 694 3680 α’στεροπη
716 3597 794 3678 γάρἰ
817 3598 898 3682 ὄψιν
920 3596 1051 3679 άστέρος
1073 3597 1186 3674 λέχειί,

537 3705 734 3786 παρατριβης
756 3704 875 3785 ἔξαψις
896 3700 977 3768 ούσα
999 3706 1055 3765 τοῦ
1077 3705 1205 3784 νέφους.

277 3811 400 3891 βροντή.
539 3808 647 3884 Βαρύς
670 3806 706 3868 δὲ
729 3805 833 3889 δεινῆς
856 3805 957 3868 οίτίων
978 3809 1110 3889 βροντης
1132 3806 1257 3881 κτύπος,

537 3911 698 3993 σύρρηξιςι
727 3908 805 3974 οἰσα
828 3915 890 3972 τῶν
912 3915 1019 3993 νεφῶν
1043 3907 1082 3972 οδ
1103 3914 1222 3991 μετρία.

278 4015 422 4096 σκηπτός.
538 4015 682 4096 Σκηπτδς
704 4017 758 4075 καὶ
780 4015 942 4096 πρηστηρω
965 4011 1155 4095 έμπιπροίν11
1177 4011 1223 4086 οίς
1243 4013 1419 4097 ἐνσκήπτει,

540 4119 650 4197 πόρρω
675 4121 803 4200 φέροιτο
826 4120 888 4179 τοῖν
913 4120 980 4198 θεῷ
1005 4120 1232 4196 προκειμένων,

281 4220 433 4303 κεραυνός
537 4221 611 4300 μεθ’
636 4217 682 4282 οἷν
704 4226 857 4303 κεραυνός
879 4223 942 4299 πῦρ
966 4218 1093 4282 έναύων
1114 4220 1159 4293 εἰς
1181 4223 1275 4301 κέρας
1284 4232 1306 4283 ⁰.

279 4331 382 4403 τόξον.
539 4324 656 4386 Μόνον
678 4323 714 4386 δὲ
737 4325 828 4400 τόξον
851 4322 929 4397 ὀξύν
950 4323 985 4386 έν
1006 4323 1119 4401 βολαῖς
1141 4324 1213 4402 ἔχει,

279 4432 371 4512 tw.
539 4423 578 4492 οὗ
599 4433 702 4511 σχῆμα
726 4428 877 4509 λαμπρὸν
899 4427 980 4508 ίρις(1
1003 4425 1092 4509 ύψοῦ
1113 4426 1258 4504 δεικνύει,

307 4585 421 4659 ηίγμύς
438 4585 504 4639 τέΙ)
527 4585 529 4650 Ι
551 4603 565 4636 ι·
584 4584 624 4649 τῆς
644 4586 663 4639 C
686 4588 689 4653 Ι
709 4606 721 4638 ε
739 4585 819 4638 ποτὸν
839 4586 867 4637 δε
887 4583 919 4647 Ι),
939 4584 1019 4635 ποτόν
1038 4584 1066 4636 δε
1086 4583 1106 4638 C
1128 4588 1130 4652 Ι
1153 4585 1292 4650 ίέφεστοίς
1310 4587 1356 4642 CD
1383 4587 1385 4655 Ι
1415 4606 1433 4640 α
1447 4589 1541 4710 μένειν
1559 4586 1605 4642 OD
1627 4587 1631 4659 Ι
1652 4606 1667 4642 υ
1686 4591 1798 4660 πημῆΙ)

235 4681 259 4714 κο
279 4661 329 4713 ἐστὶ
348 4659 380 4722 D,
399 4656 487 4710 ίοτιῦ
509 4657 512 4724 Ι
533 4653 641 4724 τὍρος
660 4657 683 4711 Ι)
706 4658 709 4727 Ι
728 4675 746 4726 μ
765 4655 824 4716 {aas
842 4656 904 4724 (sic)
925 4654 949 4707 D
972 4654 975 4724 Ι
995 4674 1008 4706 τ
1027 4652 1140 4721 ύψοίθτν
1159 4655 1179 4709 (ί
1195 4656 1198 4722 Ι
1212 4675 1228 4706 α
1248 4656 1276 4709 δὲ
1294 4657 1376 4713 addit
1389 4659 1431 4726 D)
1480 4659 1543 4724 αύτὴ
1562 4659 1585 4712 D
1602 4659 1607 4728 Ι
1625 4678 1638 4712 ο
1657 4657 1756 4715 δεισσει
1774 4663 1798 4717 D

237 4730 419 4802 δίλιγμάιων
431 4745 468 4784 οη
482 4729 631 4798 ίλιμμάτοιν
650 4729 683 4794 Ι),
702 4728 852 4798 ίλιγμάτοιν
868 4726 891 4781 ,C
911 4727 914 4795 Ι
935 4729 1068 4791 ελαίλαψ
1086 4727 1133 4781 OD
1154 4728 1157 4796 Ι
1176 4731 1200 4791 f
1217 4727 1301 4797 α’χλύν
1321 4747 1358 4784 an
1378 4726 1460 4800 ἀχλύν
1481 4731 1512 4794 D,
1531 4727 1615 4800 α’χλιΙν
1632 4730 1653 4787 (ί
1673 4731 1678 4804 Ι
1696 4751 1715 4802 ρ
1732 4733 1755 4786 τί
1774 4734 1798 4788 D

236 4804 355 4868 λφικάς
375 4800 395 4854 C
417 4802 420 4869 Ι
441 4800 452 4852 ι’
472 4799 492 4854 C
510 4799 539 4852 in
559 4816 639 4868 marg
658 4799 753 4854 addit:
774 4799 788 4864 ἦ
807 4798 850 4863 τὴν
869 4796 1004 4864 ἀστραπὴν
1023 4796 1077 4866 γάρ
1103 4799 1106 4866 Ι
1135 4799 1152 4850 λ·
1171 4800 1239 4866 λέγω
1258 4800 1281 4853 Ι)
1302 4799 1306 4869 Ι
1327 4802 1452 4872 ίσόρρηξ
1470 4819 1506 4857 an
1526 4803 1624 4870 σορρηξ
1642 4801 1666 4857 D
1688 4803 1692 4874 Ι
1713 4822 1739 4858 m
1757 4823 1827 4875 nqu-

233 4875 296 4943 στῆρ
318 4875 340 4927 D
364 4873 365 4881 ’
387 4891 404 4923 τι
423 4873 560 4941 ἐμπίπτων
577 4872 605 4921 ίν
627 4871 649 4923 Ι)
671 4871 674 4937 Ι
697 4892 711 4921 ο
730 4876 795 4939 κε’ρα
815 4871 836 4924 Ο
859 4872 862 4936 Ι
878 4888 900 4938 μ
919 4871 971 4938 ἴρις
990 4869 1009 4922 C
1031 4873 1035 4936 Ι
1056 4889 1071 4938 η
1091 4870 1142 4938 ίρις
1160 4868 1189 4930 C,
1209 4872 1261 4936 ίρις
1279 4871 1303 4924 Ι)

1484 4974 1508 5042 b
1519 4974 1538 5011 δέ(
