4560 6172
270 706 351 769 ὅθεν
374 705 540 785 όιόαχθεῑς
564 705 606 778 ὥς
627 706 728 768 κακόν
748 706 839 787 λιμός
859 712 950 790 μέγα,

227 814 248 876 5
270 810 384 888 όρόευτ
406 813 461 892 την
482 815 558 892 γῆν,
573 815 626 871 καὶ
647 810 684 870 τό
708 813 763 893 γῆς
786 810 850 896 ζῷα
872 817 985 895 τρέφε·

269 913 391 1000 χρηζεις
412 919 530 995 τροφῆς
551 917 612 993 γόρ
636 917 691 973 καλ
711 917 749 977 σὺ
770 926 834 989 τοῖς
855 917 965 989 ἄλλοις
987 923 1050 980 ίσα.

185 1125 252 1190 18.
276 1123 331 1194 Εἰς
353 1123 408 1202 τὴν
430 1121 508 1181 κατά
531 1119 586 1182 τὸν
608 1120 700 1196 ἅγιον
724 1121 855 1187 Παῦλον
885 1127 937 1183 καλ
959 1125 1015 1184 τόν
1035 1123 1262 1204 Χρυσόοτομον
1283 1118 1434 1202 ἱστορίαν.

230 1228 245 1289 1
272 1228 363 1299 Σίγα,
387 1222 502 1298 θεατοῖ,
525 1229 579 1285 καὶ
599 1225 720 1304 βραχὺν
740 1236 850 1305 μεῖνον
871 1226 995 1305 χρόνον,

268 1328 381 1411 μηπως
402 1329 539 1416 ταρόξης
559 1334 614 1409 την
635 1326 737 1410 καλη“ν
759 1334 938 1404 συνουσίαν,

269 1438 321 1494 καὶ
345 1432 494 1520 ζημιώσῃς
516 1431 635 1510 κόσμον
655 1431 792 1505 ένθέους
813 1431 939 1506 λόγους·

270 1536 305 1611 έξ
327 1535 463 1616 οὐρανοῦ
484 1537 545 1614 γὰρ
568 1537 638 1613 α’ρτι
660 1536 785 1608 τούτους
806 1541 859 1598 τοῦ
880 1540 981 1617 τρίτου
1105 1542 1109 1551 ’

229 1645 249 1706 5
273 1640 336 1723 ἥκει
360 1639 493 1718 κομίζων
519 1638 645 1712 Παῦλος
667 1639 918 1721 αλθεροόρόμος·

270 1755 350 1806 κινεῖ
370 1743 405 1805 δὲ
427 1754 516 1823 χεῖρα
539 1747 618 1822 πρός
639 1748 764 1827 γραφῆς
786 1742 961 1825 ὑπουργίαν

271 1849 454 1930 οἰκουμένης
477 1848 510 1909 τό
534 1851 659 1925 θαῦμα,
683 1851 716 1910 τό
739 1851 873 1929 χρυσοῦν
895 1852 1003 1930 στόμα.

272 1952 365 2034 ζηλου
385 1957 419 2014 τὸ
439 1951 554 2013 λοιπόν
575 1953 614 2013 όν
636 1956 697 2032 πρό
719 1957 781 2015 τῶν
805 1956 917 2035 θυρῶν
940 1953 1075 2029 βλέπεις,

272 2056 366 2137 τούτῳ
389 2077 420 2116 τε
440 2055 646 2134 συνθαόμαζε
668 2061 721 2116 καὶ
744 2059 951 2138 σογκαρτέρει.

188 2266 252 2331 lli.
274 2262 330 2334 Εἰς
350 2265 404 2323 τόν
426 2261 518 2337 όγιον
540 2262 773 2342 Χρυσόστομον.

232 2369 308 2431 ΙἬ
325 2367 471 2442 γλῶσσαν
492 2361 592 2448 εῦραλν
614 2368 674 2446 πῦρ
697 2371 866 2447 πνέουσαν,
889 2367 1044 2450 ζωγρόφε,

270 2471 373 2552 μόνην
396 2468 535 2552 α’φῆκας,
557 2466 745 2552 εὐλαβηθεὶς
766 2472 820 2553 την
843 2470 965 2552 φλόγα,Ι

272 2577 292 2658 ἢ
314 2576 421 2637 πάντα
443 2573 567 2653 τολμῶν
589 2574 802 2655 προσγράφοις
825 2579 878 2635 καὶ
899 2576 932 2637 τό
956 2575 1093 2657 φλέγον,

179 2714 184 2722 ·
272 2683 326 2740 καὶ
348 2681 522 2760 φθέγγεται
543 2681 603 2757 μὲν
624 2682 676 2737 καλ
698 2677 791 2740 λαλεί
810 2683 1021 2759 παραινέσεις,

231 2784 253 2849 5
270 2779 341 2844 α’λλ’
362 2781 444 2843 ἐστὶν
466 2781 664 2862 ἰσχνόφωνος
685 2780 719 2855 έξ
742 2781 873 2854 α’σιτίας.

274 2886 352 2966 έμόν
373 2886 406 2947 τὸ
430 2885 556 2947 λεῖπον·
580 2882 698 2965 οὐγὰρ
722 2884 774 2958 οῦς
796 2884 1009 2968 παρεσχόμην.

274 2993 332 3054 νῦν
353 2987 408 3054 οὖν
429 2987 575 3067 ὑποσχών
597 2988 758 3067 γνώσομαι
779 2993 807 3051 τί
828 3011 882 3069 μοι
905 2989 996 3068 λέγει.

272 3097 390 3174 βαβαί·
412 3103 625 3176 καταφρονεῖν
644 3115 683 3173 με
705 3095 812 3155 πείθει
834 3098 887 3158 τοῦ
908 3098 990 3174 βίου.

190 3302 263 3389 115.
277 3302 334 3374 Είς
355 3301 408 3362 τόν
430 3300 522 3376 ἅγιον
545 3296 718 3382 Γρηγόριον
739 3301 793 3361 τόν
817 3301 981 3378 θεολόγον.
1225 3305 1259 3367 8¹

232 3410 248 3471 1
277 3410 317 3468 Τί
338 3425 387 3467 σοι
409 3403 442 3465 τό
466 3404 598 3466 σύννουν
619 3403 745 3484 βλέμμα
766 3405 921 3481 βούλεται,
946 3405 1061 3489 πότερ,

154 3497 158 3506 ’
273 3511 375 3583 λέξειν
396 3533 423 3570 τι
446 3512 557 3567 καινὸν
578 3506 705 3593 έκβιαζη
726 3531 781 3586 μοι
800 3507 898 3587 τόχα·

274 3613 343 3675 ἀλλ’
367 3608 422 3676 οῦκ
445 3614 487 3673 όν
507 3609 623 3691 εὕροις·
657 3614 724 3672 πᾶν
745 3618 806 3694 γὰρ
829 3612 1017 3693 ἀνθρώποις
1039 3616 1133 3689 ξένου

273 3715 448 3796 ἐγνώρισαν
471 3714 658 3797 φθόσαντες
681 3711 711 3777 ολ
733 3718 783 3777 σοί
803 3737 857 3796 μοι
880 3714 977 3794 λόγοι.

188 3925 252 3994 16.
275 3923 330 3995 Ek
351 3925 405 3983 τόν
424 3923 525 4001 μέγαν
546 3921 724 3983 Βασίλειον.

233 4031 246 4091 l
271 4026 453 4106 Ἐπιπρέπει
474 4047 518 4097 τις
542 4029 729 4102 σεμνοποιός
752 4024 890 4108 ιόχρότης

274 4131 308 4204 έξ
330 4130 510 4208 ἐγκρατείας
531 4132 573 4212 τῷ
597 4134 687 4211 σοφῷ
711 4129 905 4215 διδασκάλῳ.

274 4231 344 4295 ἄλλ’
366 4234 395 4294 εί
417 4229 544 4313 λαλήσει
568 4229 636 4317 (ζῆν
659 4232 747 4294 όοκεί
765 4235 826 4314 γὰρ
849 4240 902 4295 καλ
924 4235 1044 4321 τόπος),

273 4338 373 4419 τρυφη
397 4337 429 4398 τό
450 4338 571 4416 χρῆμα,
594 4334 767 4417 φαιόρότης
789 4343 842 4397 καὶ
864 4339 1040 4421 τερπνότης.

232 4441 253 4507 5
275 4440 387 4505 οὐκοῦν
408 4442 445 4500 τό
467 4439 552 4521 χείλη
575 4441 654 4519 πρὸς
676 4438 794 4516 λόγους,
811 4444 897 4516 κίνει,
925 4446 1033 4523 πότερ,

272 4548 341 4618 τοὺς
362 4549 415 4606 καὶ
438 4545 550 4614 λίθους
574 4542 767 4619 θέλγοντας·
791 4543 875 4606 α’λλοὶ
897 4548 940 4628 μη
963 4545 1033 4627 λέγε

272 4651 354 4730 ἅπερ
378 4648 539 4710 όιόοὶσκων
560 4648 605 4721 εἰς
629 4651 837 4731 συναίσθησιν
857 4650 960 4725 ἄγεις·

273 4754 400 4817 όόκνειν
421 4753 482 4834 γὰρ
505 4752 572 4814 οίόε
594 4758 701 4828 ταῦτα,
725 4757 786 4814 κᾶν
807 4754 898 4841 στόζη
920 4756 1002 4835 μέλι,
1586 4752 1601 4801 ⁹
1629 4733 1777 4804 Euripidffl

274 4860 342 4930 τοῦς
364 4856 465 4920 ἕλκεσι
486 4859 655 4938 βρύοντας·
678 4857 713 4932 έξ
735 4853 781 4919 ὦν
802 4860 973 4944 στυγνότης,
1586 4805 1778 4933 {ssgffiam
1886 4880 1889 4884 .

1449 4989 1468 5050 2
