4560 6172
347 526 408 592 198
1846 534 1927 603 18¹1

346 700 455 778 νόμοις
482 702 708 780 παρασχομένη
731 697 883 781 Ἰωάννην
908 700 964 761 τόν
990 698 1183 774 λογιώτατον
1202 700 1409 780 ίλλούστριον,
1442 707 1548 783 κριτήν
1568 703 1621 765 έπὶ
1643 708 1698 769 τοῦ
1715 704 1924 785 ἱπποδρόμου

346 811 399 864 καί
417 805 599 885 έξάττωρα,
629 806 683 865 τόν
705 804 877 884 Ξιφιλῖνσν
904 804 1049 881 έπίτλην.
1084 806 1119 875 ῦς
1147 805 1206 865 οῦκ
1236 805 1374 887 ἀφανιῦς
1403 805 1469 867 τόδ’
1502 805 1632 886 ἀσήμως
1665 809 1734 874 οἶδ’
1767 808 1922 888 ἀμυδροῖς

344 908 524 982 ἐπεδείξατο
552 909 607 987 τήν
634 906 745 970 ἑαυτοῦ
775 907 1013 982 πολυμάθειαν,
1043 906 1127 968 ἀλλά
1157 909 1293 989 δημοσία
1322 917 1375 969 καί
1404 915 1554 990 φανεράς
1580 912 1618 972 έν
1636 911 1749 985 αύταῖς
1769 922 1837 984 ταῖς
1858 918 1921 974 οὖν

346 1013 540 1093 πραγμάτων
562 1017 685 1090 πείραις
704 1011 899 1094 έξὲλαμτμεν,
922 1011 1040 1089 ὁμοίως
1059 1016 1119 1091 μὲν
1140 1023 1207 1083 ταῖς
1228 1016 1281 1092 τῆς
1302 1013 1487 1095 λογιότητος,
1510 1017 1628 1094 ὁμοίως
1648 1021 1684 1077 δὲ
1705 1021 1849 1087 καὶτοῖς
1870 1021 1925 1096 τής

345 1123 407 1179 τείν
429 1117 538 1196 νόμων
556 1117 705 1198 είδήσειος
726 1121 847 1195 τέχναις
875 1122 1117 1195 κεκοσμημένος,
1151 1124 1204 1177 καί
1231 1118 1331 1198 μηδὲν
1355 1123 1576 1199 προτιμότερον
1602 1121 1758 1202 μηδέποτε
1785 1124 1923 1200 θέμενος

345 1229 408 1282 τείν
428 1218 585 1302 ήμετέρων
605 1222 782 1286 τελείσειον.

433 1320 554 1396 Ὀὗτος
573 1328 739 1405 τοιγαροῦν
760 1324 819 1406 ἤδη
841 1328 963 1402 πρῶτος
984 1322 1097 1410 ἀγαθή
1119 1329 1173 1383 καί
1194 1327 1292 1404 μοίρᾳ
1314 1332 1367 1383 καί
1382 1330 1478 1404 κρίσει
1500 1334 1553 1409 της
1572 1328 1713 1408 ἐκκρίτου
1728 1330 1792 1388 τείν
1814 1328 1923 1405 νόμιον

347 1435 400 1489 καί
430 1428 696 1506 δεδοκιμασμένης
726 1430 814 1508 ἄρξει
846 1427 1073 1501 διδασκαλίας,
1113 1430 1267 1507 προεδρίᾳ
1295 1451 1325 1488 τε
1352 1434 1494 1510 τιμηθείς
1522 1431 1680 1512 ἀξιολόγῳ
1707 1437 1761 1491 καί
1792 1430 1921 1516 ζηλωτῇ,

346 1531 500 1612 ἀφορμάς
528 1554 559 1594 τε
588 1532 698 1608 λαβεῖν
724 1529 762 1595 σι’·
790 1537 847 1604 τάς
874 1533 1028 1610 τυχούσας
1057 1531 1102 1602 είς
1131 1536 1311 1609 θεραπείαν
1332 1534 1367 1592 έτ
1389 1539 1441 1612 τῆς
1463 1533 1612 1617 ἡμετέρας
1634 1536 1832 1617 φιλοτιμίας,
1867 1540 1921 1594 ταί

346 1636 578 1721 διδαξσκαλείου
598 1648 699 1715 τυχων
720 1635 759 1699 οδ
780 1640 1014 1715 μικροπρεποῦς
1035 1632 1109 1700 οῦδὲ
1132 1636 1272 1713 φαύλου,
1300 1637 1484 1698 τοόναντίον
1513 1644 1573 1717 μὲν
1594 1638 1651 1704 οῦν
1671 1663 1773 1719 μεγα-
1841 1640 1919 1702 285¹

346 1740 596 1819 λοπρεπεστάτου
618 1745 671 1801 καί
693 1739 850 1820 διασήμου
872 1743 925 1799 καί
947 1740 1075 1821 τοιούτῳ
1097 1742 1257 1818 πράγματι
1279 1744 1463 1818 πρέποντος.
1553 1743 1579 1780 ¹⁰
1587 1745 1672 1806 ἔσται
1693 1749 1755 1822 γάρ
1777 1741 1845 1805 ἀπό
1868 1746 1921 1823 τής

346 1849 505 1926 παρούσης
524 1848 602 1922 μετὰ
624 1849 677 1923 τής
696 1843 732 1918 ἔξ
753 1842 894 1921 ούρανοῦ
915 1845 1069 1923 βοηθείας
1100 1849 1153 1902 καί
1182 1847 1344 1922 συνεργίας
1372 1844 1540 1921 ἀνειμένον
1568 1853 1627 1926 μὲν
1656 1859 1719 1920 τοῖς
1741 1849 1853 1925 νόμοις
1873 1847 1919 1917 είς

345 1948 566 2026 παιδευτήρισν
588 1952 621 2008 τό
645 1946 814 2008 κάλλιστον
835 1945 947 2024 σχεδόν
969 1951 1023 2006 καί
1041 1947 1250 2023 τερπνότατον
1270 1950 1386 2027 οίεημα
1410 1952 1463 2010 τοῦ
1484 1949 1619 2024 εόαγοῦς
1641 1951 1731 2032 ήμῶν
1752 1957 1851 2021 σίτου.
1881 1951 1921 2011 ὃν

344 2055 396 2116 έπί
418 2058 584 2131 κρείττοσιν
604 2051 709 2114 έλπίσι
731 2051 1036 2122 κατασκευάσαντες,
1067 2054 1137 2132 θεῷ
1167 2054 1209 2131 τῷ
1239 2055 1367 2113 πάντων
1389 2051 1463 2131 ήμῖν
1484 2059 1548 2115 τιίν
1569 2054 1710 2129 ἀγαθοῖν
1731 2055 1837 2137 δοτῆρι
1860 2079 1920 2115 κα-

343 2157 556 2237 θιεριόσαμεν,
591 2161 645 2217 καί
673 2163 727 2217 τόν
754 2154 790 2216 έν
818 2155 951 2233 μάρτυσι
981 2156 1192 2233 περιώνυμον,
1224 2156 1281 2215 τὸν
1307 2162 1361 2215 καί
1382 2156 1486 2236 κλήσει
1508 2165 1562 2217 καί
1584 2160 1745 2240 πράγματι
1766 2181 1919 2238 τροπαιο-

344 2261 449 2342 φόρον
477 2264 637 2340 Γειόργιον
664 2255 762 2322 σίονεί
796 2281 865 2321 τινα
893 2262 996 2338 μέγαν
1024 2257 1248 2340 οἰκοδεσπότην
1276 2258 1357 2343 αὕτη·
1390 2266 1443 2319 καί
1472 2262 1612 2343 οἰκιστήν
1644 2287 1674 2325 τε
1704 2267 1759 2322 καί
1784 2263 1918 2342 φύλακα

344 2367 498 2446 λαμπρῶς
518 2363 740 2443 ἐπεστήσαμεν,
774 2359 801 2446 ᾧ
829 2367 884 2423 καί
910 2362 965 2424 τόν
993 2361 1091 2423 ἐκεῖσε
1114 2365 1207 2422 θεῖον
1235 2362 1316 2424 ναόν
1342 2360 1380 2427 οῦ
1401 2368 1453 2444 τής
1473 2372 1665 2447 μαρτυρικής
1684 2373 1779 2446 χωρίς
1800 2367 1918 2450 (οίμαι)

343 2470 547 2541 συνευδοκίας
568 2469 638 2547 άμα
661 2472 715 2528 καί
743 2466 945 2549 ἀναλήψεως
972 2465 1008 2528 ἐκ
1036 2471 1146 2546 ταινής
1174 2464 1384 2548 ἀνηγείραμεν
1412 2475 1466 2529 καί
1494 2469 1539 2542 είς
1568 2466 1654 2549 ἱερὸν
1683 2472 1921 2553 φροντιστήριον

342 2582 397 2639 τόν
418 2575 507 2636 οίκον
528 2574 817 2651 κατεσκευάσαμεν·
850 2569 936 2633 έσται
958 2573 1126 2648 τοιγαροῦν
1147 2568 1224 2650 ὅπερ
1247 2572 1382 2652 εἴρηται,
1410 2573 1507 2644 τόπος
1527 2577 1586 2651 μὲν
1610 2575 1834 2656 ἀφωρισμένος
1854 2576 1922 2637 έτεῖ

342 2691 406 2753 τοῖς
427 2681 521 2760 έρῶσι
546 2687 596 2760 τῆς
617 2679 679 2738 τοίν
700 2671 810 2752 νόμων
831 2674 1013 2757 μαθήσεως,
1037 2675 1075 2734 ὃν
1096 2672 1203 2746 αῦτοῖς
1225 2673 1258 2736 τό
1281 2674 1429 2754 ήμέτερον
1450 2676 1694 2759 ἐφιλοτιμήσατο
1717 2678 1851 2759 κράτος,
1883 2681 1920 2741 έν

344 2781 445 2869 ᾤκαὶ
465 2784 519 2846 τόν
541 2778 771 2845 διδασκαλικόν
793 2777 916 2858 θρόνον
936 2778 1070 2857 ίδρυσε*,
1103 2785 1156 2839 καὶ
1184 2780 1217 2839 τό
1247 2777 1313 2840 ἀπό
1344 2779 1435 2841 τοῦδε
1467 2779 1692 2844 διδασκαλεῖον
1722 2788 1782 2862 μὲν
1810 2783 1921 2859 νόμων

342 2889 376 2951 td
398 2887 605 2964 ςήαγέστατον
629 2885 632 2970 ξ
657 2886 772 2965 οἴκημα
794 2882 986 2965 κληθήσεται
1008 2887 1107 2955 τοῦτο,
1130 2882 1318 2963 νομοφύλαξ
1341 2883 1376 2944 δὲ
1399 2883 1416 2944 ό
1436 2884 1641 2961 διδάσκαλος,
1665 2886 1705 2949 ού
1716 2891 1776 2965 μὲν
1839 2889 1920 2954 285²

343 2990 401 3057 οῦν
422 2992 534 3063 ἀπλύς
546 2989 612 3055 οὐδ’
626 2987 761 3063 ἀλόγως,
784 2985 914 3049 ἀλλ’ὅτι
929 2987 1046 3065 νόμοῦς
1061 2983 1234 3060 διδάσκων,
1257 2991 1311 3047 καί
1333 2986 1502 3069 φυλάττειν
1524 2989 1617 3067 ἔλαχε
1637 2989 1811 3069 νόμους-
1832 2997 1920 3057 τοῦτο

344 3102 403 3177 μὲν
425 3093 471 3167 οίς
492 3093 598 3168 ένάξει
619 3097 688 3165 τοὺς
706 3094 987 3174 μαθητευομένους
1008 3088 1091 3174 αύτῷ
1114 3094 1195 3170 πρός
1216 3091 1364 3172 φυλακήν
1385 3101 1439 3152 καί
1461 3095 1645 3176 συντήρησιν
1667 3099 1718 3176 τῆς
1733 3102 1796 3157 τῶν
1811 3099 1919 3175 νόμιον

343 3191 537 3281 βουλήσεως,
568 3197 749 3279 σαφηνίζον
777 3197 882 3258 πάντα
912 3194 1018 3266 καλιάς
1048 3199 1101 3255 καὶ
1135 3194 1335 3274 παραδιδούς
1371 3193 1414 3266 ιῦς
1445 3195 1515 3259 οίύν
1551 3221 1581 3258 τε
1610 3200 1665 3279 τήν
1694 3202 1922 3277 νομομάθειαν

344 3306 526 3373 ἄπταιστον,
559 3306 645 3364 τοῦτο
668 3299 708 3374 δ’,
731 3300 777 3362 ότι
800 3299 937 3379 φυλάξει
959 3305 1012 3359 καί
1034 3302 1089 3370 τὰς
1109 3298 1237 3377 βίβλους
1260 3305 1320 3361 τῶν
1342 3301 1458 3377 νόμων,
1489 3303 1528 3373 ἀς
1549 3303 1584 3364 ἐκ
1605 3306 1658 3384 τής
1679 3303 1776 3364 ἐκεῖσε
1797 3304 1922 3382 βιβλιο-

346 3408 448 3490 θήκης
476 3405 565 3484 παρά
597 3408 650 3469 τοῦ
675 3403 901 3482 εῦλαβεστάτου
928 3403 1180 3485 βιβλιοφύλακος
1208 3404 1254 3474 είς
1275 3403 1453 3484 ἐλευθέραν
1474 3404 1611 3486 λήψεται
1633 3411 1743 3487 χρήσιν
1764 3414 1817 3469 καὶ
1840 3411 1922 3489 πρός

344 3516 378 3575 τό
401 3512 515 3575 δοκοῦν
537 3507 623 3588 αῦτῷ
649 3519 903 3587 μεταχειριεῖται,
935 3506 1057 3588 δηλαδή
1085 3513 1140 3578 τὰς
1168 3507 1409 3585 χρειωδεστέρας
1438 3515 1491 3568 καὶ
1520 3513 1600 3588 πρός
1627 3515 1680 3591 τήν
1709 3511 1923 3574 διδασκαλίαν

345 3620 407 3678 τόν
429 3617 538 3694 νόμων
559 3617 807 3694 χρησιμωτέρας·
840 3617 893 3672 καί
914 3613 975 3689 γάρ
998 3610 1037 3692 δή
1059 3615 1112 3670 καί
1134 3614 1221 3674 τοῦτο
1244 3610 1407 3684 λυσιτελῶς
1430 3609 1611 3694 ἀκονόμησε
1634 3616 1666 3674 τὸ
1690 3613 1810 3693 εὐσεβὲς
1833 3616 1924 3699 ήμῶν

346 3720 468 3801 κράτος,
491 3720 531 3780 ίν’
552 3721 683 3779 οἴκοθεν
704 3716 770 3795 ἔχοι
792 3721 828 3777 τά
851 3722 903 3798 τής
925 3719 1031 3796 τέχνης
1053 3717 1175 3795 ὄργανα
1196 3714 1301 3775 πάντα
1333 3714 1351 3776 ῦ
1373 3716 1418 3788 είς
1439 3716 1550 3800 ταύτην
1572 3717 1622 3778 ἀεὶ
1645 3720 1732 3797 παρά
1755 3726 1807 3802 τῆς
1829 3724 1923 3798 βασι-

346 3825 432 3896 λείας
455 3822 726 3903 προχειριζόμενος
746 3827 799 3881 καί
821 3825 863 3902 μή
886 3823 961 3898 παρ’
983 3820 1097 3898 ἑτέρων
1118 3822 1215 3881 ταῦτα
1232 3818 1403 3892 δανείζοιτο
1418 3821 1497 3902 μηδὲ
1512 3824 1685 3901 πράγματα
1700 3825 1765 3902 ἔχοι
1780 3824 1925 3887 ἀλλσθεν

347 3928 428 3990 ἀλλο
459 3936 640 4004 προσαιτεῖν
668 3931 721 3985 καὶ
751 3926 910 3999 συλλέγειν
943 3925 994 4007 ἐφ’
1022 3923 1152 4004 ἑκάστης
1184 3922 1452 4002 ἀναγκαζόμενος,
1487 3928 1530 3986 ἀν
1562 3925 1655 3999 αάτός
1687 3929 1780 4006 τυχόν
1808 3933 1926 3993 τούτων

347 4032 483 4113 ἀποροίη
505 4028 559 4092 διά
581 4032 703 4091 πενίαν.

437 4136 462 4173 ¹¹
477 4139 594 4199 Τοῦτον
616 4136 721 4195 τοίνυν
741 4135 803 4205 ἔξει
826 4135 880 4193 τόν
900 4132 1021 4209 τρόπον
1045 4136 1098 4192 καὶ
1120 4131 1198 4196 οῦτω
1214 4131 1407 4210 καλούμενος
1429 4133 1446 4196 ὁ
1472 4135 1659 4215 νομοφύλαξ
1683 4136 1687 4218 f
1712 4136 1780 4196 daa-
1847 4139 1927 4201 286¹

348 4252 452 4319 μενεῖ·
485 4238 633 4308 τοιούτοις
656 4235 691 4297 δὲ
714 4239 859 4316 χρήσεται
881 4235 1016 4306 δικαίοις
1040 4242 1093 4296 καί
1116 4240 1315 4316 προναμίοις·
1345 4239 1593 4319 έναριθμήσεται
1615 4241 1675 4318 μὲν
1703 4250 1767 4310 τοῖς
1786 4239 1928 4318 μεγαλο-

349 4344 455 4418 δόξοις
477 4341 698 4422 συγκλητικοῖς,
721 4344 782 4416 ἕξει
806 4341 841 4402 δὲ
864 4347 916 4400 καί
939 4342 1107 4419 καθέδραν
1128 4339 1227 4412 εὐθύς
1247 4348 1324 4419 μετὰ
1347 4345 1401 4404 τόν
1422 4342 1474 4403 έπί
1497 4349 1558 4403 τῶν
1575 4349 1713 4423 κρίσεων,
1737 4339 1832 4423 &aaz
1848 4353 1930 4425 πρὸς

349 4451 382 4511 τι)
407 4450 554 4529 ἡμέτερον
577 4448 691 4523 κράτος
713 4444 972 4507 συνεισελεύσεται
995 4447 1073 4504 καθ’
1097 4446 1136 4517 ἀς
1158 4443 1302 4517 κάκεῖνος
1325 4443 1451 4526 ἡμέρας,
1482 4452 1534 4505 καὶ
1557 4453 1608 4526 τής
1631 4445 1779 4528 ήμετέρας
1801 4448 1930 4527 ὁμιλίας

353 4560 406 4614 καί
429 4553 538 4629 ὄψεως
560 4550 707 4622 ὡσαύτως
729 4548 954 4625 ἀξιωθήσεται,
978 4547 1020 4621 ὡς
1042 4546 1218 4610 κάντεῦθεν
1240 4546 1259 4635 η’
1281 4550 1535 4627 προθυμότερος,
1565 4554 1608 4630 τῷ
1629 4555 1681 4633 τῆς
1703 4558 1790 4633 τιμῆς
1812 4553 1930 4634 ῦπερεῖ-

352 4679 436 4737 χοντι
457 4652 675 4736 διαφερόντως
697 4653 957 4733 έναβρυνόμενος.
981 4658 1034 4714 καί
1057 4653 1156 4735 ῥόγαν
1179 4650 1243 4714 ἀνά
1267 4659 1334 4714 πάν
1356 4653 1421 4725 ἔτος
1443 4651 1579 4732 λήψεται
1594 4656 1628 4728 έξ
1646 4655 1800 4735 ἡμετέρων
1815 4660 1931 4737 χειρῶν

352 4763 457 4842 λίτρας
478 4764 630 4839 τέσσαρας
652 4761 706 4818 καί
726 4756 871 4835 βλαττίον
893 4762 946 4817 καί
966 4759 1071 4835 βαίον,
1095 4762 1272 4840 σιτηρεσίων
1294 4755 1330 4817 δὲ
1351 4753 1445 4835 χάριν
1467 4760 1528 4832 έξει
1549 4756 1626 4820 τάδε
1649 4765 1702 4820 καί
1724 4758 1810 4823 τάδε.

428 4904 457 4938 το
474 4884 578 4951 θρόνον
596 4883 686 4951 ίδροσε
706 4880 747 4943 0¹,
768 4880 857 4948 ίδρυσε
875 4881 978 4949 θρόνον
997 4881 1029 4936 0¹
