4560 6172
517 445 579 509 138
2018 444 2102 511 1⁸1

511 615 705 697 οἰκειοτέραν
725 617 768 700 τῷ
789 612 874 699 λόγῳ
879 643 891 692 ,·
920 615 1003 694 μέγα
1033 618 1093 696 μὶν
1121 617 1155 678 τό
1188 613 1358 697 μυστήριον
1381 612 1588 692 -βασιλεία
1611 616 1749 692 Χριστοῦ
1774 616 1852 673 κατά
1877 615 2026 676 θανάτου
2050 620 2103 676 καὶ

512 722 627 802 κράτος
650 756 700 795 —-,
721 721 804 798 μέγα
827 717 863 780 δὲ
884 715 917 780 τδ
941 708 1140 801 κατόρθωμά
1167 755 1201 765 -
1228 721 1363 802 σωτηρία
1385 721 1438 780 τοὺ
1453 717 1571 798 κόσμου
1593 720 1647 778 καὶ
1662 720 1715 799 τής
1730 715 1914 800 οἰκουμένης
1930 715 2102 798 ἀνέγερσις,

510 823 551 906 ἡν
572 821 665 896 αὑτός
687 818 827 898 ἀναστάς
849 827 1089 907 συνεξανέστησε
1112 827 1166 884 καὶ
1188 824 1412 905 κατώρθωσεν,
1443 820 1636 903 ἀμφοτέρων
1657 821 1694 884 δὲ
1715 825 1833 884 τούτων
1855 826 1890 884 ἓν
1912 822 1998 895 τέλος
2022 822 2103 883 κάλ-

512 912 628 1003 λιστον’,
649 925 828 1010 εὖφροσύνη
850 933 1058 1009 παγκάσμιος,
1081 922 1117 1010 ής
1139 927 1290 1010 ἀλλήλοις
1311 929 1455 992 ένταὺθα
1479 927 1722 1011 κοινωνήσοντες
1744 926 1914 1008 πάρεσμεν,
1944 929 1998 986 καὶ
2020 925 2099 988 κατά

511 1036 579 1096 πᾶν
600 1036 660 1113 μὲν
681 1034 748 1106 ἔτος
768 1036 945 1115 μετέχοντες
972 1035 1025 1114 τής
1053 1031 1195 1114 τοιαύτης
1223 1029 1397 1112 εὐεργεσίας
1427 1035 1480 1093 καὶ
1509 1036 1545 1120 τῇ
1575 1030 1710 1112 λαμπρᾷ
1742 1035 1779 1093 τὰ
1804 1032 1993 1111 χαρμόσυνα
2016 1050 2097 1111 συμ-

512 1135 701 1222 πληρούντες
723 1138 851 1219 έγέρσει,
874 1143 942 1201 νυνὶ
966 1136 1001 1200 δὲ
1023 1140 1078 1198 καὶ
1100 1136 1199 1199 πλέον
1219 1136 1265 1208 είς
1286 1133 1469 1198 ἀπόλαυσιν
1491 1136 1623 1215 ἔχοντες,
1646 1135 1696 1198 δτε
1719 1134 1897 1198 διπλασίων
1913 1133 1988 1218 ἡμῖν
2010 1134 2027 1218 ἡ
2045 1138 2100 1197 τοῦ

512 1240 612 1305 καλοῦ
635 1240 750 1321 δωρεά,
773 1240 955 1323 τηλικαύτην
977 1240 1122 1303 ἐπίδοσιν
1144 1237 1339 1321 παραδόξως
1362 1239 1514 1318 λαβοῦσα.
1560 1241 1648 1313 2πῶς
1669 1240 1784 1316 έξείπω
1807 1245 1860 1300 καὶ
1877 1238 1969 1314 δείξω
1992 1239 2025 1301 τό
2049 1246 2101 1321 τῆς

511 1348 640 1427 χάριτος
660 1348 799 1424 μέγεθος
807 1375 819 1423 ,·
850 1346 959 1407 πόθεν
990 1343 1138 1428 λήψομαι
1170 1344 1265 1422 λόγον
1294 1348 1346 1427 τής
1370 1341 1557 1417 ὑποθέσεως
1578 1345 1673 1420 ἀξιον
1680 1373 1693 1423 ,·
1727 1348 1771 1418 τίς
1792 1364 1846 1423 μοι
1871 1341 1965 1404 δάσει
1988 1346 2101 1423 φωνήν

512 1450 557 1524 είς
578 1451 615 1512 τοὶ
638 1453 692 1513 τοὺ
712 1446 833 1529 κόσμου
854 1451 976 1531 πέρατα
1000 1449 1005 1534 1
1028 1452 1245 1531 φθάνουσαν,·
1275 1446 1385 1527 πάσχα
1408 1452 1535 1531 κυρίου,
1559 1448 1687 1528 πάσχα,
1711 1447 1729 1533 ἡ
1752 1452 1815 1510 τῶν
1836 1444 1954 1529 ἑορτῶν
2021 1448 2099 1510 185ι

512 1553 645 1634 βασιλίς,
669 1551 685 1637 ἡ
709 1556 772 1615 τῶν
794 1552 999 1637 πανηγύρεων
1021 1551 1192 1617 δέσποινα·
1224 1553 1333 1632 πάσχα
1362 1551 1464 1615 πάλιν
1492 1552 1572 1634 ἐρῶ,
1608 1552 1654 1615 ότι
1681 1558 1736 1615 καὶ
1765 1549 1877 1630 πάσχα
1899 1550 1999 1612 πάλιν
2022 1548 2099 1632 ὑρῶ,

514 1655 563 1730 δὶς
593 1656 778 1734 τελούμενον
808 1659 944 1740 σήμερον
971 1657 1024 1719 έπὶ
1053 1660 1088 1746 τὴ
1121 1660 1200 1737 χθὲς
1228 1655 1331 1745 τελετή
1361 1661 1415 1717 καὶ
1447 1655 1563 1730 διτταῖς
1592 1666 1660 1730 ταίς
1690 1656 1908 1738 λαμπρότησιν
1928 1652 2098 1736 ὑπερφυῶς

514 1759 759 1842 ἀπαστράπτον·
795 1760 895 1826 οὑκέτι
925 1765 986 1843 γάρ
1016 1760 1119 1843 μόνον
1149 1759 1323 1834 ἀνάστασις
1354 1758 1428 1843 ἡμίν
1458 1759 1622 1843 δεσποτική
1651 1761 1685 1823 τὸ
1715 1760 1901 1840 τιμώμενον,
1936 1756 2020 1820 ἀλλά
2044 1771 2099 1819 και

512 1869 706 1949 μαρτυρικὴν
727 1865 791 1929 σὺνι
812 1866 914 1954 ἐκείνη
943 1865 1195 1949 πανηγυρίζομεν
1223 1863 1374 1948 ἄθλησιν,
1405 1864 1458 1926 έπὶ
1488 1864 1589 1927 πλέον
1617 1868 1677 1944 μὶν
1707 1863 1926 1939 δοξασθεϊσαν
1954 1865 1989 1952 τῇ
2019 1864 2100 1943 πρὸς

514 1967 610 2052 αὑτήν
632 1969 804 2058 συνδρομή,
836 1969 936 2032 πλέον
959 1969 988 2031 δ’
1012 1968 1097 2050 ὅμως
1119 1974 1173 2031 καὶ
1192 1971 1306 2054 ταύτην
1328 1971 1363 2057 τῇ
1386 1967 1561 2031 συνελεύσει
1584 1967 1790 2043 δοξάσασαν·
1822 1967 1851 2029 ελ
1871 1968 1932 2047 γάρ
1955 1971 2098 2032 τοσοῦτον

512 2070 740 2157 ὑπίρλαμπρος
769 2078 823 2135 καὶ
853 2075 933 2135 καθ’
954 2072 1067 2158 ἑαυτὴν
1089 2073 1221 2156 ἑκατέρα
1244 2073 1287 2146 ῶς
1309 2079 1419 2135 πᾶσαν
1441 2073 1543 2156 ἀλλην
1565 2072 1760 2156 φαιδρότητα
1782 2075 1878 2134 νικάν
1899 2070 2099 2151 ἀσυγκρίτως,

514 2179 547 2241 τδ
570 2179 649 2240 καθ’
672 2176 761 2260 ῶραν
782 2175 936 2261 ἀλλήλαις
959 2189 1128 2258 συμπεσεῖν
1148 2180 1193 2252 εἰς
1213 2177 1324 2242 ταὺτὺν
1346 2177 1410 2263 δσῳ
1431 2181 1492 2257 μὶν
1512 2175 1711 2261 ὑψηλότερον
1716 2206 1727 2254 3
1751 2176 1815 2262 ύσφ
1831 2176 1866 2237 δὲ
1882 2179 2098 2258 χαριέστερον,

516 2281 592 2345 8ἐπὶ
614 2282 729 2356 διτταῖς
750 2285 915 2362 τοιγαροῦν
937 2287 990 2344 καὶ
1012 2283 1213 2365 τηλικαύταις
1235 2293 1303 2355 ταῖς
1326 2281 1517 2364 πανηγύρεσι
1542 2282 1659 2364 διπλῆν
1679 2279 1762 2364 ἡμᾶς
1783 2284 1904 2362 χαίρειν
1919 2277 2100 2357 ἀναγκαῖον

514 2386 630 2466 χαράν,
660 2387 730 2466 άμα
757 2390 816 2467 μὲν
839 2383 1056 2467 ἀνυμνοὺντας
1085 2388 1139 2448 τοὺ
1167 2388 1336 2468 μυστηρίου
1366 2386 1421 2468 τήν
1451 2384 1596 2466 δύναμιν,
1630 2383 1700 2464 ἅμα
1730 2382 1764 2444 δὲ
1788 2384 1843 2456 τάς
1860 2386 1919 2475 Ιτοὺ
1940 2382 2099 2468 μάρτυρος

516 2489 674 2573 ἀριστείας
709 2494 910 2572 κροτοῦντας,
950 2495 1004 2552 καὶ
1033 2491 1073 2553 δι’
1107 2488 1297 2573 ἀμφοτέρων
1326 2495 1478 2569 τιμῶντας
1506 2492 1563 2573 τὴν
1592 2489 1688 2565 ἁγίαν
1716 2489 1827 2570 ταύτην
1858 2494 1911 2549 καὶ
1938 2494 2017 2570 μίαν
2046 2495 2101 2551 καὶ

515 2599 629 2677 κυρίαν
651 2595 782 2678 ἡμέραν.
828 2595 998 2681 ισκοχπεῖτε
1021 2593 1056 2656 δὲ
1078 2599 1131 2656 καὶ
1153 2597 1208 2677 τὴν
1228 2595 1323 2676 χάριν
1345 2592 1493 2674 ἑκατέρας
1517 2591 1625 2677 ἡλίκη,
1656 2590 1699 2665 ῶς
1721 2594 1891 2674 θαυμαστὴ
1919 2592 1955 2654 δὲ
2022 2596 2100 2660 185²

516 2699 702 2764 παντάπασι
724 2705 777 2760 καὶ
796 2697 813 2781 ἡ
832 2702 911 2780 πρὸς
925 2698 1068 2782 ἀλλήλας
1082 2697 1184 2763 αὑτῶν
1197 2696 1350 2778 ὁμολογία
1366 2703 1420 2759 καὶ
1442 2701 1624 2780 συμφωνία.
1646 2695 1664 2780 ἡ
1687 2699 1747 2776 μὲν
1768 2699 1822 2759 τόν
1844 2696 1997 2781 δεσπότην
2019 2697 2098 2780 ὑπὲρ

517 2803 641 2869 δούλων
664 2803 846 2886 θνήσκοντα
870 2804 1067 2884 παρεισάγει,
1090 2801 1107 2888 ἡ
1132 2802 1167 2865 δὲ
1190 2805 1269 2866 κατά
1290 2803 1324 2866 τδ
1340 2803 1548 2885 ἀντίστροφον
1562 2801 1641 2882 ὑπὲρ
1656 2803 1710 2864 τοὺ
1726 2799 1880 2864 δεσπότου
1894 2807 1949 2864 τὸν
1964 2802 2097 2865 δοὺλον·

516 2908 533 2973 ὑ
556 2912 616 2988 μὲν
638 2907 816 2989 ἀρχέτυπον
837 2911 944 2985 γέγονε
966 2907 1085 2982 τελείας
1106 2904 1234 2992 ἀγάπης
1261 2946 1294 2956 -
1318 2906 1447 2988 μείζονα
1468 2911 1529 2989 γάρ
1552 2906 1659 2989 ταύτης
1680 2903 1810 2987 ἀγάπην
1831 2904 1935 2980 οὐδεὶς
1956 2907 2097 2992 (φησίν*)

516 3015 589 3093 ἔχει,
613 3019 667 3075 ίνα
689 3034 733 3085 τις
758 3014 803 3098 θὴ
826 3015 880 3094 τὴν
902 3013 1010 3096 ψυχήν
1033 3009 1113 3095 ὑπὲρ
1135 3015 1196 3075 τῶν
1219 3012 1324 3094 φίλων
1347 3010 1441 3076 αὑτοῖ
1463 3049 1521 3086 -—,
1546 3009 1563 3073 δ
1589 3009 1624 3071 δὲ
1646 3010 1679 3072 τό
1701 3007 1878 3090 ὑπόδειγμα
1901 3012 2005 3085 καλῶς
2027 3012 2097 3092 έμι-

515 3115 636 3201 μήσατο
659 3120 712 3176 καὶ
735 3114 828 3198 φίλος
850 3114 921 3178 ἀντὶ
942 3115 1061 3181 δούλου
1083 3120 1210 3200 κατέστη
1232 3116 1287 3179 διά
1310 3120 1362 3200 τής
1383 3115 1496 3197 ὁμοίας
1519 3115 1647 3198 ἀγάπης
1678 3117 1733 3176 καὶ
1761 3112 1965 3192 ἀποδείξεως.
1993 3115 2010 3179 ὑ
2038 3121 2098 3197 μὲν

515 3219 662 3306 ὑψωθεὶς
683 3218 736 3282 ἐπὶ
759 3224 894 3300 σταυροῦ
915 3225 969 3282 καὶ
992 3220 1141 3304 νεφέλης,
1172 3218 1305 3299 πάσχων
1334 3221 1403 3299 ἀμα
1433 3224 1488 3282 καὶ
1518 3215 1620 3282 ἀνιῶν
1649 3220 1774 3292 πάντας
1793 3218 1935 3283 εἵλκυσεν
1956 3221 1992 3296 έξ
2013 3221 2097 3302 ᾅδου

517 3332 570 3389 καὶ
601 3330 674 3408 γῆς,
706 3323 747 3398 ῶς
776 3326 810 3387 τὸ
839 3325 956 3387 οίκετον
983 3323 1195 3405 έπάγγελμα*,
1226 3327 1279 3385 καὶ
1309 3324 1389 3406 πρδς
1417 3321 1571 3405 οὗρανοὺς
1593 3321 1793 3402 ἀνεβίβασεν,
1827 3321 1908 3386 ὅθεν
1931 3325 2098 3388 κατελθών

516 3430 721 3514 ε’πανὴλθεν·
756 3429 773 3492 ὁ
806 3428 840 3491 δὲ
869 3427 959 3511 παρά
992 3428 1114 3502 πάντας
1143 3426 1294 3492 ὑπακούει
1323 3431 1375 3512 τής
1396 3426 1592 3508 ὑποσχέσεως
1616 3433 1670 3488 καὶ
1691 3428 1825 3491 κατόπιν
1848 3431 1957 3512 ταύτης
1977 3429 2098 3508 βαδίζει

517 3541 571 3599 καὶ
593 3533 818 3612 συγκατελθῶν
839 3537 1036 3616 συνοψοὺιαι
1059 3538 1112 3595 καὶ
1133 3537 1340 3616 συνυψωθεὶς
1361 3532 1617 3608 σονδεδόξασται.
1640 3531 1777 3594 ἔκλινεν*
1799 3532 1917 3607 έκετνος
1939 3533 1982 3596 δι’
2003 3532 2101 3597 αὑτὸν

517 3639 671 3722 οὑρανοὺς
694 3645 746 3699 καὶ
768 3640 883 3722 κατέβη
903 3640 1012 3719 μέχρις
1032 3635 1121 3722 ἡμῶν
1143 3643 1197 3699 καὶ
1218 3639 1272 3721 τὴν
1295 3634 1447 3722 ἡμετέραν
1470 3640 1624 3716 πτωχείαν
1646 3635 1708 3702 ὑπό
1724 3637 1976 3719 φιλανθρωπίας
1997 3638 2097 3700 έπτῶ-

516 3764 640 3826 χευσεν·
674 3742 779 3828 ἀφὴκε
808 3745 863 3803 καὶ
892 3736 980 3814 οὗτος
1010 3741 1051 3805 δι’
1079 3742 1209 3829 έκεῖὴνον
1231 3741 1336 3804 οίκίαν
1365 3745 1419 3803 καὶ
1440 3740 1557 3822 α’γροὺς
1587 3745 1641 3802 καὶ
1670 3743 1871 3819 συγγένειαν,
1901 3749 1955 3803 καὶ
2021 3745 2098 3808 1861

516 3852 684 3934 χρημάτων
706 3851 760 3910 καὶ
783 3846 877 3928 δόξης
899 3849 954 3908 καὶ
974 3853 1093 3930 τροφὴς
1114 3846 1344 3929 κατεφρόνησε,
1374 3850 1428 3906 καὶ
1457 3847 1574 3925 γυμνός
1602 3844 1717 3909 τούτων
1747 3843 1879 3909 πάντων
1900 3851 1954 3910 τὸν
1984 3847 2103 3912 ἑαυτοό

518 3956 654 4034 σταυρὸν
675 3951 756 4036 ἡρε*,
787 3953 863 4033 μεθ’
884 3943 922 4015 ού
950 3952 994 4036 τῶ
1024 3948 1169 4014 καλοῦντι
1198 3946 1375 4032 προθύμως
1397 3948 1680 4032 κατηκολούθησεν,
1712 3947 1765 4011 έπὶ
1795 3953 1875 4013 πάσι
1904 3961 1967 4025 τοϊς
1988 3953 2099 4026 ἀλλοις

517 4065 572 4122 καὶ
593 4057 706 4123 ἑαυτὸν
726 4055 954 4139 ἀρνησάμενος.
975 4055 1094 4128 ἐκεῖνος
1115 4053 1258 4137 η’νέσχετο
1281 4057 1404 4116 παθεῖν
1425 4048 1504 4136 ὑπὲρ
1519 4052 1627 4118 τούτου
1641 4055 1679 4114 τά
1695 4052 1817 4142 λῃστῶν
1838 4060 1892 4117 καὶ
1905 4059 2098 4137 κακούργων,

518 4162 666 4246 αίσχύνης
687 4159 949 4244 καταφρονήσας·
983 4159 1174 4244 προσήνεγκε
1203 4164 1257 4222 καὶ
1285 4153 1373 4232 οὗτος
1394 4160 1505 4245 ἐκείνῳ
1529 4161 1648 4222 θυσίαν
1671 4156 1791 4231 ζῶσαν*
1814 4159 1911 4237 ἁγίαν
1932 4160 2100 4243 εύάρεστον

517 4268 642 4342 ἑαυτόν,
665 4265 719 4329 έπὶ
739 4263 915 4349 ἡγεμόνας*
937 4261 1051 4343 ἀχθεὶς
1073 4268 1126 4327 καὶ
1147 4263 1288 4344 βασιλείς
1309 4262 1350 4326 δι’
1373 4261 1478 4340 αὑτόν,
1510 4261 1587 4347 ὅπερ
1613 4264 1745 4347 ήκουσεν
1765 4266 1808 4339 ῶς
1829 4288 1873 4339 τις
1894 4268 1956 4328 τῶν
1978 4263 2099 4348 ἀτίμων

518 4378 572 4437 καὶ
594 4370 815 4455 φαυλοτάτων,
847 4373 900 4429 καὶ
923 4366 1058 4442 πολλαῖς
1080 4373 1139 4449 μὲν
1161 4367 1194 4431 τό
1218 4373 1309 4450 σῶμα
1332 4367 1533 4453 δαπανηθεὶς
1554 4379 1623 4442 ταῖς
1644 4368 1793 4453 πληγαίς,
1823 4369 1959 4444 πολλοῖς
1981 4369 2017 4432 δὲ
2038 4375 2101 4451 βα-

518 4478 626 4542 σάνων
648 4479 702 4538 καὶ
724 4473 883 4546 ποικίλαις
904 4471 1007 4546 ίδέαις
1027 4473 1172 4548 έτασθεὶς
1194 4480 1248 4535 καὶ
1269 4475 1498 4549 καταξανθείς,
1522 4471 1572 4546 αίς
1592 4475 1625 4535 τό
1649 4474 1795 4536 πλείσταν
1816 4478 1869 4538 τοὺ
1891 4463 2025 4556 αἵματος
2046 4478 2102 4538 καὶ

515 4584 580 4643 τῶν
601 4580 730 4662 σαρκῶν
751 4576 933 4652 ἀναλώσας,
957 4582 993 4668 τή
1015 4579 1069 4641 τοὺ
1091 4580 1204 4662 ξίφους
1227 4577 1404 4642 τελευταῖον
1425 4583 1502 4667 τομή
1531 4583 1586 4641 καὶ
1614 4580 1647 4642 τό
1670 4577 1713 4641 ἔτι
1736 4578 1926 4660 λειπόμενον
1947 4578 2099 4662 εὐψύχως

516 4684 687 4759 έπέθυσον,
709 4681 790 4746 ὅθεν
812 4687 963 4755 κοινωνός
984 4685 1027 4768 τῷ
1050 4674 1184 4774 δεσπότη
1206 4686 1269 4746 τῶν
1291 4684 1495 4768 παθημάτων
1518 4681 1636 4766 δφθεὶς
1657 4686 1711 4743 καὶ
1732 4685 1787 4746 τόν
1809 4684 1957 4747 θάνατον
1978 4687 2099 4749 ἐκείνου

589 4807 729 4873 410hann
750 4826 786 4874 15,
799 4805 1003 4876 131410hann
1022 4825 1059 4872 12,
1072 4807 1153 4877 3214
1171 4806 1263 4863 Psalm
1281 4808 1306 4868 ιζ
1327 4806 1517 4874 1014Matth
1537 4807 1669 4876 ι6,τ414
1686 4807 1757 4862 Rom
1777 4826 1840 4873 12,1
1858 4809 1894 4882 {4
1912 4808 2101 4874 Matth10,1⁸
