4560 6172
341 492 406 555 210
1419 588 1422 593 Ι
1758 520 1760 525 -
1842 494 1928 561 τσο

345 665 581 742 προγεγονότων
603 661 755 744 ὁμοίωσιν
777 663 882 745 ὥσπερ
906 664 951 736 είς
972 663 1138 744 προγόνων
1158 663 1330 740 εὐγένειαν,
1352 668 1385 726 τό
1409 664 1445 727 δέ
1461 664 1552 738 κλέος
1571 664 1700 727 ἐκείνων
1721 663 1802 747 δπέρ
1825 666 1929 727 πίστιν

345 766 451 838 ἄλλως
473 765 589 832 δοκοῦν
610 767 662 828 διά
686 771 719 828 τό
742 767 930 849 παράδοξον
951 765 1068 829 ἐκτῶν
1091 766 1261 848 παρόντων
1283 768 1489 849 πιστούμενος
1510 774 1564 832 καί
1579 764 1668 850 παρά
1692 791 1723 829 τε
1745 771 1797 849 τῆς
1819 768 1929 848 ότμειτς

345 870 436 949 παρά
465 891 496 930 τε
526 871 579 950 τῆς
607 867 705 952 ἀκοῆς
733 867 767 932 τό
799 873 879 949 πρός
905 867 1018 950 ἀρετῆν
1048 868 1178 949 ἀνδρῶν
1202 872 1335 951 γόνιμον
1364 879 1419 934 καί
1447 874 1637 956 πολύφορον
1658 871 1926 953 μαρτυρούμενος,

346 968 392 1035 τόν
413 973 547 1034 ἀπασαν
569 971 672 1056 πλῆρη
694 977 749 1055 τῆν
769 971 883 1035 ἐαυτοῦ
906 975 1082 1054 περίχωρον
1103 974 1183 1052 ἔχει,
1215 974 1316 1038 ἀλλου
1338 977 1407 1039 κατ’
1435 976 1520 1040 άλλο
1546 980 1643 1058 μέρος
1671 972 1767 1057 αύτῆς
1795 974 1831 1037 ἐν
1854 974 1928 1037 δια-

347 1077 459 1158 φόροις
488 1086 610 1156 καιροῖς
647 1079 701 1159 τῆν
735 1078 788 1140 τοῦ
817 1075 915 1139 καλοῦ
944 1072 1148 1153 κατόρθωσιν
1178 1077 1435 1159 ἐπιδειξαμένου,
1468 1087 1522 1142 καί
1548 1084 1655 1160 μέντοι
1688 1083 1742 1138 καὶ
1767 1078 1801 1139 ιδ
1833 1080 1926 1157 στόμα

346 1182 423 1260 μετά
444 1185 512 1254 τοὺς
534 1180 660 1254 ἄθλους
682 1181 780 1248 αδτοῦ
800 1201 864 1244 που
885 1181 1115 1254 καταλιπόντος
1137 1184 1224 1265 παρά
1245 1185 1300 1246 τόν
1318 1182 1419 1248 κόπον
1439 1189 1491 1269 τῆς
1513 1183 1653 1260 ἀγωνίας
1673 1195 1737 1257 τοῖς
1758 1185 1929 1265 περιοίκοις

346 1288 494 1366 ένέχυρον
517 1284 661 1365 ἀσφαλές
683 1287 845 1368 σωτηρίας.

435 1386 587 1455 2Τούτων
608 1386 651 1461 είς
676 1393 729 1450 καί
751 1389 940 1469 Δωρόθεος,
974 1386 1112 1469 όμέγας
1140 1390 1177 1452 ἐν
1206 1388 1373 1474 ἀσκηταίς·
1406 1389 1486 1467 λέγω
1516 1392 1551 1453 δέ
1579 1395 1633 1454 τόν
1662 1393 1735 1453 νέον
1764 1394 1819 1452 καὶ
1845 1391 1927 1452 καθ’

347 1493 439 1576 ῆμάς,
463 1498 533 1573 περὶ
556 1489 595 1555 ού
617 1492 715 1564 πολύς
737 1492 832 1569 λόγος
854 1497 908 1554 καί
928 1496 1055 1573 μακράς
1077 1497 1259 1576 συγγραφῆς
1281 1499 1334 1554 καί
1349 1493 1486 1576 ἱστορίας
1502 1493 1667 1573 δεόμενος·
1691 1493 1766 1576 ῆμίν
1788 1492 1817 1556 δ’
1839 1491 1925 1555 ἀπο-

346 1599 470 1679 χρῆσειν
492 1598 526 1659 ἐκ
550 1596 680 1659 πολλῶν
702 1594 793 1673 ἀλίγα
816 1596 900 1658 δοκῶ
922 1619 987 1677 μοι.
1011 1595 1015 1682 λ
1040 1594 1109 1658 ἀντὶ
1132 1596 1261 1660 πολλῶν
1282 1599 1343 1678 γάρ
1365 1601 1482 1672 ταῦτα,
1514 1600 1575 1659 κάν
1604 1596 1641 1662 ού
1663 1597 1779 1671 πολλά,
1845 1595 1926 1663 304⁸

346 1703 474 1782 ἐπείπερ
496 1701 592 1763 {aava
616 1707 669 1762 καὶ
691 1699 782 1780 αύτά,
806 1703 841 1762 τό
858 1723 889 1762 τε
911 1701 1016 1780 ἄκρως
1038 1699 1219 1783 φιλόσοφον
1240 1706 1293 1766 τού
1316 1698 1439 1783 ἀνδρός
1461 1705 1660 1784 παραστῆσαι
1692 1705 1745 1763 καὶ
1774 1704 1808 1762 τό
1838 1701 1926 1762 πάνυ

348 1806 519 1886 φιλόθεον,
541 1806 584 1868 ἔτι
609 1806 645 1867 δέ
667 1810 720 1866 καί
742 1804 815 1888 όσης
837 1795 1041 1887 ἀττῆλαυσεΙὶῦ
1062 1809 1114 1886 τῆς
1134 1805 1261 1887 χάριτος
1283 1805 1337 1867 ἐπί
1357 1803 1474 1878 τούτοις
1495 1809 1548 1866 καὶ
1570 1809 1646 1888 πρὶν
1666 1804 1814 1868 ἐντεῦθεν
1836 1801 1925 1866 ἀπα-

348 1916 510 1992 ναστῆναι,
532 1907 707 1991 ἀρραβῶνα
730 1914 782 1992 τῆς
803 1912 860 1974 νῦν
881 1908 1088 1990 ἐκδεξαμένης
1111 1907 1204 1991 δόξης
1226 1907 1324 1971 αύτόν
1344 1913 1398 1969 καί
1419 1910 1499 1990 πρὸς
1522 1910 1602 1971 θεόν
1623 1910 1818 1981 ολκειιόσεως.

434 2009 561 2087 8Ούτος
581 2018 749 2092 τοιγαροῦν
771 2011 787 2075 ό
812 2018 955 2086 τοσοῦτος
978 2013 1040 2093 ἔφυ
1060 2016 1121 2092 μέν
1142 2016 1248 2074 ποθεν
1270 2014 1376 2086 ἔνθεν,
1399 2013 1434 2088 ἐξ
1456 2013 1610 2096 ἐπισῆμου
1634 2011 1757 2084 πόλεως
1777 2015 1924 2086 γείτονος,

346 2118 471 2196 μᾶλλον
493 2117 528 2179 δὲ
550 2115 771 2199 μητροπόλεως
792 2116 909 2189 ἔθνους
930 2115 988 2179 ούκ
1010 2114 1194 2196 ἀνωνύμσυ·
1235 2115 1483 2197 Τραπεζούντιος
1503 2116 1583 2198 γάρ·
1618 2120 1709 2194 γένος
1737 2116 1773 2178 δέ
1802 2119 1866 2177 τεόν
1886 2111 1922 2176 εδ

346 2220 520 2298 γεγονότων
550 2226 602 2281 καὶ
633 2225 695 2283 τόν
722 2220 758 2284 ἐν
785 2221 865 2284 τέλει
891 2221 927 2282 τά
956 2223 1085 2302 πρῶτα·
1117 2220 1154 2282 ἐν
1184 2221 1245 2301 γάρ
1275 2224 1449 2300 πατρικίοις
1476 2220 1603 2283 ἐτέλουν
1632 2219 1663 2283 ολ
1692 2219 1773 2301 πρός
1805 2213 1926 2299 πατρός

349 2331 479 2407 πατέρες
500 2323 600 2410 αύτῷ,
630 2325 819 2389 καὶτούτων
846 2324 884 2386 ού
914 2335 977 2398 τοῖς
1006 2325 1041 2401 ἐξ
1070 2323 1205 2386 ίδιωτιῦν
1227 2325 1296 2406 ἄρτι
1319 2329 1444 2404 πρῶτον
1464 2325 1509 2397 είς
1527 2327 1614 2389 τοῦτο
1636 2322 1866 2404 παραγγείλασι
1889 2345 1923 2384 το

348 2429 484 2508 ἀξίωμα,
507 2428 579 2490 ἀλλ’
595 2426 640 2500 οίς
655 2427 712 2513 (ὡς
727 2430 865 2491 ἀνείπω
880 2430 937 2514 τις)
960 2431 1038 2490 κατά
1055 2428 1170 2509 κλῆρον
1185 2425 1225 2510 ῆν
1240 2427 1256 2510 ῆ
1272 2427 1410 2502 εύγένεια
1426 2433 1479 2489 καί
1495 2428 1548 2501 σῦς
1562 2430 1592 2490 Γ
1587 2430 1725 2500 ενεσίους
1739 2427 1782 2489 ἔτι
1797 2432 1850 2488 καί
1866 2430 1925 2489 νῦν

349 2533 390 2607 ἀς
404 2534 558 2616 ἐπίσημόν
574 2556 601 2595 τι
615 2535 726 2610 γένους
740 2532 972 2612 λαμπρότατον,
995 2530 1063 2595 σίον
1071 2530 1279 2613 Ἡρακλείδας
1292 2532 1380 2606 τινάς
1394 2537 1448 2593 καί
1459 2530 1652 2607 Πελοπίδας,
1674 2529 1925 2613 έπιφημίζουσιν.

434 2637 504 2700 *Ἐκ
526 2639 673 2700 τοιούτων
694 2633 751 2701 οὖν
774 2636 954 2717 προελθάν,
985 2641 1038 2698 καί
1058 2637 1095 2699 τά
1122 2639 1178 2702 τοῦ
1204 2639 1277 2716 βίου
1298 2640 1451 2717 προοίμια
1474 2636 1537 2700 ύιιό
1561 2635 1768 2708 διδασκάλοις
1789 2638 1924 2715 κοσμίως

349 2749 403 2805 καὶ
425 2743 641 2819 παιδαγωγοῖς
664 2737 819 2812 διανύσας
842 2737 898 2822 (τός
919 2740 1004 2812 είκός
1025 2736 1064 2822 ῆν
1086 2737 1191 2821 δῆπου
1212 2744 1267 2802 τόν
1288 2738 1419 2826 εὐγενῆ),
1441 2741 1490 2803 ότε
1512 2744 1637 2822 πρῶτον
1659 2738 1758 2822 ἀνέβη
1781 2738 1920 2801 δωδεκα-

349 2853 425 2930 έτης,
448 2846 554 2930 ῆδίστη
577 2848 766 2907 καθίσταται
790 2847 917 2925 φροντίς
938 2855 1001 2917 τοῖς
1023 2845 1160 2926 πατράσι
1182 2849 1234 2905 καὶ
1256 2847 1370 2926 σκέψις
1391 2844 1441 2906 ἐπ’
1457 2842 1542 2930 αύτῷ
1562 2842 1659 2930 παΙρά
1676 2848 1780 2925 χρῆμα
1846 2843 1926 2908 3οῦι

349 2956 403 3013 καί
424 2930 521 3032 βουλῆ
543 2946 826 3029 περισπούδαστος,
848 2945 953 3027 γάμου
976 2947 1152 3029 καταδῆσαι
1175 2948 1300 3028 δεσμοῖς
1319 2948 1373 3009 τόν
1394 2947 1581 3029 ἐλεύθερον·
1615 2948 1658 3011 ἔτι
1679 2950 1740 3027 γάρ
1763 2944 1927 3034 ῆγ[ν]όουν

350 3053 380 3116 οἳ
402 3056 575 3133 ἀνθρωττοι
597 3052 640 3125 ὥς
661 3048 679 3113 ό
703 3062 779 3122 παῖς
801 3049 906 3124 αύτσϊς
926 3049 1137 3133 εύγενέστερος
1158 3052 1213 3133 τῆν
1234 3056 1342 3135 ψυχῆν
1363 3055 1384 3135 ῆ
1403 3053 1437 3113 τό
1460 3055 1569 3132 στῦμα·
1601 3049 1637 3124 ός
1657 3074 1691 3129 γε
1715 3055 1766 3113 καὶ
1788 3051 1851 3131 πρό
1873 3055 1926 3133 τῆς

351 3163 526 3239 σωματικῆς
548 3156 670 3238 ῆλικίας
692 3155 771 3235 ὑπὲρ
794 3157 827 3217 τό
851 3158 942 3234 στῦμα
965 3153 1138 3238 φρονήσας,
1160 3162 1213 3216 καῖ
1236 3160 1324 3235 παρά
1346 3155 1401 3238 τῆν
1414 3156 1540 3239 πρωτην
1561 3154 1659 3228 εὐθύς
1679 3156 1723 3229 είς
1743 3153 1926 3240 ὑψηλότερα

351 3265 477 3343 βλέψας
499 3265 562 3323 τῶν
583 3266 698 3323 κοινιῦν
720 3266 772 3322 καὶ
793 3262 1035 3338 νενομισμένων,
1065 3259 1179 3340 σαρκός
1200 3263 1260 3338 μὲν
1287 3265 1340 3320 καὶ
1363 3261 1512 3337 αίματος*
1540 3259 1700 3341 ὑπεριδεῖν
1729 3258 1798 3321 δεῖν
1819 3256 1927 3343 ηίῆθη,

350 3368 427 3429 όλον
456 3368 491 3428 δέ
519 3371 573 3427 καί
601 3371 692 3446 σῶμα
715 3369 768 3426 καὶ
789 3367 915 3442 πνεῦμα
939 3366 1089 3443 καθαρόν
1110 3364 1258 3445 τηρῆσαι*
1279 3367 1322 3446 τῷ
1344 3367 1508 3449 πνεύματι.
1537 3365 1632 3447 ταότη
1652 3385 1713 3436 τοι,
1744 3367 1797 3424 καὶ
1819 3362 1926 3436 ἀλλοις

350 3469 405 3536 σύκ
427 3471 508 3549 ἔχων
529 3471 581 3549 τῆς
603 3469 699 3552 καλῆς
721 3469 897 3547 ἐπιθυμίας
919 3469 1031 3550 ταύτης
1060 3477 1162 3546 τυχεῖν
1192 3473 1245 3528 καὶ
1275 3473 1337 3530 τοῖν
1367 3466 1593 3530 ἀνθελκόντων
1613 3469 1741 3529 ἐκείνων
1761 3467 1927 3545 ἐμποδίων

351 3576 590 3655 περιγενέσθαι,
622 3570 735 3635 ἑαυτόν
756 3576 864 3653 σοφός
885 3569 1099 3632 ῦπεκκλέτιτει.
1132 3576 1185 3632 καί
1213 3571 1290 3650 ταχύ
1318 3573 1423 3654 φυγάς
1444 3569 1462 3634 ό
1484 3581 1629 3648 γενναίας
1649 3571 1796 3635 ἐντεῦθεν
1818 3567 1928 3633 ἀπιιέν

352 3680 458 3758 ηόχετο.
480 3675 535 3742 οὐκ
557 3673 665 3758 ἀλίγην
687 3676 723 3739 δέ
745 3677 919 3759 πλανηθεὶς
941 3678 1019 3737 κατά
1043 3674 1162 3757 ζῆτησιν
1183 3673 1301 3756 ἀνδρός
1322 3674 1510 3753 παιδευτοῦ,
1545 3673 1596 3737 σία
1625 3673 1738 3757 κομιδῆ
1769 3676 1841 3747 νέος
1873 3680 1930 3736 καὶ

351 3787 429 3865 πρδς
450 3786 602 3858 ξενιτείαν
623 3780 729 3853 ἄλλως
750 3778 866 3863 ἀῆθης,
889 3780 924 3841 έν
942 3777 1061 3862 ’Λμισῆί
1083 3782 1157 3841 ποτε
1178 3783 1305 3855 γίνεται,
1327 3778 1419 3841 κάκεί
1437 3783 1470 3842 τό
1493 3778 1701 3860 ποθούμενον
1727 3779 1806 3840 κατά
1830 3782 1929 3841 θείαν

352 3891 454 3952 νεῦσιν
474 3884 620 3966 εῦρίσκει.
647 3868 795 3968 Ἰωάννης
817 3882 855 3966 ῆν
875 3887 919 3967 τῷ
941 3881 1062 3965 φυγάδι
1084 3884 1116 3944 τό
1141 3881 1323 3966 ζητούμενον
1343 3883 1468 3963 εὕρεμα,
1500 3880 1646 3965 Ἰωάννης
1675 3883 1795 3955 ἐκεῖνος
1802 3932 1811 3961 ,
1847 3883 1865 3945 ό
1889 3885 1927 3946 τά

355 3998 429 4054 θεῖα
453 3991 566 4064 πολύς·
589 3989 670 4073 άνῆρ
692 3991 730 4051 τά
751 4012 782 4051 τε
804 3988 887 4051 ἀλλα
907 3983 1167 4069 θεοφορούμενος
1182 3992 1236 4048 καί
1249 3992 1292 4073 τῷ
1307 3987 1492 4072 διορατικῷ*
1508 3991 1562 4070 τῆν
1577 3989 1683 4068 ψυχῆν
1698 3990 1928 4071 κεκοσμημένος

353 4100 529 4177 χαρίσματι.
618 4090 727 4167 δοῦτσς
757 4090 812 4157 σύν
839 4091 855 4155 ό
888 4092 1069 4171 θαυμάσιος
1097 4090 1246 4170 ἐτύγχανε
1275 4096 1335 4172 μέν
1364 4095 1433 4172 α’ρτι
1465 4096 1500 4183 τῆ
1528 4093 1594 4153 κατ’
1618 4089 1716 4153 αότδν
1740 4089 1927 4179 εύαγεστάτη

352 4206 433 4289 μονῇ
455 4201 524 4272 τοῦς
546 4198 713 4280 θεμελίους
735 4197 1017 4278 καταβαλλόμενος,
1037 4197 1040 4284 J
1057 4197 1097 4280 ῆν
1118 4196 1196 4261 οὕτω
1219 4219 1287 4270 πως
1308 4202 1359 4280 τῆς
1380 4202 1493 4273 γέννας
1521 4195 1682 4259 καλοῦσιν.
1703 4196 1782 4258 ίδιδν
1847 4198 1929 4263 305¹

351 4303 408 4371 σῦν
429 4304 484 4367 τόν
502 4291 678 4385 Ατιρόσφυγα
700 4305 792 4376 ξένον
814 4299 964 4382 πλῆρεσιν
986 4297 1091 4372 ἱστίοις
1113 4300 1145 4386 (ό
1168 4299 1208 4383 δῆ
1233 4303 1346 4385 φασιν)
1368 4302 1413 4373 είς
1433 4300 1547 4381 ταύτην
1562 4301 1742 4379 κατάραντα
1764 4303 1818 4361 καὶ
1840 4302 1929 4389 πάση

353 4408 477 4495 σπουδῆ
508 4412 561 4467 καὶ
590 4409 758 4486 προθυμίᾳ
785 4408 947 4487 χροίμενον
977 4404 1051 4468 ὥστε
1081 4410 1122 4489 τῷ
1150 4409 1234 4490 χορῷ
1267 4409 1456 4489 σονταγῆναι
1484 4408 1546 4467 τεόν
1576 4406 1634 4488 ῆδη
1665 4407 1741 4487 παρ’
1763 4402 1845 4489 αύτῷ
1873 4406 1930 4490 τῆν

353 4515 484 4595 ἀσκησιν
506 4509 828 4590 παιδοτριβουμένων,
861 4508 971 4592 ῆδιστά
996 4532 1026 4570 τε
1058 4508 1279 4591 προσδέχεται,
1314 4509 1446 4592 ἀκριβῆς
1474 4510 1565 4593 (ὅπερ
1595 4511 1732 4594 ἔφαμεν)
1762 4511 1931 4592 στοχαστῆς

353 4621 407 4680 τοῦ
427 4615 596 4698 μέλλοντος
617 4618 663 4676 τάν
685 4615 739 4677 διά
762 4615 817 4698 τῆν
831 4619 884 4677 τοῦ
901 4617 958 4678 νοῦ
973 4614 1188 4697 καθαρότητα,
1211 4618 1264 4675 καί
1276 4617 1380 4695 χερσίν
1393 4611 1517 4688 ῦπτίαις
1533 4615 1795 4697 παραλαμβάνει·
1820 4618 1932 4676 πᾶσαν

351 4725 388 4786 δὲ
410 4735 525 4806 πεῖραν
546 4720 701 4802 πρότερον
722 4725 776 4783 καὶ
798 4722 1013 4801 προσενεγκιδν
1034 4726 1088 4783 καί
1110 4720 1219 4799 λαβάν
1239 4724 1293 4803 τῆς
1313 4723 1367 4781 τοῦ
1389 4723 1462 4781 νέου
1474 4720 1598 4803 γνοίμης
1619 4725 1673 4782 καί
1688 4719 1865 4792 διαθέσεως
1893 4755 1933 4768 -

353 4877 357 4886 ·
420 4845 508 4911 4Gal
527 4864 550 4911 1,
572 4844 757 4913 τόΙιΤλοσεε
775 4863 793 4896 α
810 4863 834 4912 5,
853 4844 1078 4915 τςΙιΙιτιςστδσ
1095 4843 1168 4912 reliq
1187 4860 1221 4913 gr
1239 4860 1268 4908 75
1288 4841 1362 4896 infra
1380 4843 1396 4911 ἕ
1415 4848 1445 4897 2⁶
