4560 6172
1713 546 1758 610 59

177 731 207 770 τε
230 708 282 768 καὶ
305 701 439 778 ἀτελεῖς,
472 701 571 784 όμὲν
600 703 822 783 ἀναπαύσεως,
859 708 928 773 ὁδ’
950 709 1123 795 ἀναφοράς
1145 711 1306 794 ἀμοιρῶν,
1338 715 1390 774 καὶ
1412 711 1430 775 δ
1453 714 1512 794 μὲν
1545 710 1613 776 οἷον
1639 713 1753 789 ἀπους,

175 809 251 873 δδὲ
282 806 349 871 οίον
376 806 541 889 ἀκέφαλος
562 809 791 892 θεωρούμενος.
838 812 909 876 9καί
938 814 1145 895 διεζευγμένοι
1173 840 1208 892 γε
1236 819 1342 894 μέντοι
1371 819 1565 897 κατορθοῦσί
1594 840 1622 879 τι
1645 815 1753 892 πλέον,

176 914 193 978 ὁ
221 917 280 992 μὲν
310 911 385 975 »δὲι
417 912 610 987 συνεισάγων
638 912 794 979 ὑπόνοιαν
823 916 937 999 ἐτέρων
967 922 1162 1001 πραγμάτων
1192 917 1234 993 ῶς
1264 920 1322 1004 ήδη
1347 920 1622 1000 προλελεγμένων,
1654 921 1753 1003 ἐφ’δῖ

175 1021 383 1101 παραπέμπει
407 1019 461 1098 τήν
483 1017 632 1079 διάνοιαν
653 1021 707 1083 τού
729 1020 928 1096 ἀκούσαντος.
983 1022 1128 1105 10ἀμέλει
1158 1024 1192 1087 τδ
1222 1027 1428 1108 προκείμενον
1457 1029 1545 1090 τούτο
1581 1028 1628 1087 »τί
1657 1025 1694 1088 δέ
1722 1025 1754 1089 οἳ

177 1123 406 1202 Μακκαβαῒοιι
432 1121 618 1202 συγγραφήν
638 1120 752 1204 ἑτέρων
772 1125 900 1213 ήνίξατο
924 1128 1119 1204 θεολογικῶν
1141 1128 1320 1209 ἐγκωμίων,
1343 1127 1607 1213 διαπονηθέντων
1628 1130 1688 1214 ἤδη
1710 1137 1754 1216 τῷ

176 1228 302 1312 μεγάλῳ
325 1230 379 1287 καί
401 1227 651 1302 συνταχθέντων,
675 1229 718 1301 ῶς
740 1230 821 1293 εῖναι
843 1235 981 1295 τοιοῦτον
1003 1235 1044 1317 τῷ
1068 1231 1231 1316 συνδέσμῳ
1253 1232 1307 1294 τδν
1330 1235 1424 1307 νούν,
1456 1235 1487 1295 εί
1505 1256 1549 1306 πς
1573 1233 1753 1310 ἀναπτύξαι

178 1331 311 1415 θελήσαι
345 1331 394 1392 Τά
416 1333 475 1409 μὲν
497 1329 536 1412 δή
558 1332 638 1393 κατά
660 1333 715 1394 τόν
738 1337 1031 1415 θεῖον,Κυπριανὸν
1064 1338 1157 1418 (φέρε
1177 1337 1292 1420 ελπεῖν)
1314 1337 1410 1419 ήτδν
1429 1339 1531 1414 μέγαν
1552 1335 1753 1401 Ἀθανάσιον

176 1438 232 1519 τήν
254 1438 474 1517 προσήκουσαν
496 1432 608 1513 ἀπέχει
630 1438 706 1517 παρ’
731 1436 819 1517 ήμῶν
839 1436 1014 1521 εὐφημίαν·
1036 1442 1064 1501 τί
1085 1438 1121 1501 δὲ
1136 1438 1409 1520 οἲΜακκαβαῖοις
1432 1438 1487 1504 οὐκ
1505 1441 1654 1514 ἄξιοικαὶ
1669 1434 1753 1504 οὗτοι

178 1546 239 1603 τῶν
262 1537 382 1620 ὁμοίων
402 1550 525 1618 τυχεῖν,·
548 1544 611 1613 πῶς
633 1565 677 1614 τις
698 1543 741 1602 ἀν
761 1543 845 1603 εἴποι
864 1579 901 1589 -
926 1542 1001 1604 ῶστε
1016 1541 1145 1623 διανοίᾳ
1157 1542 1363 1627 προείληπται
1376 1546 1429 1607 τοῦ
1445 1542 1519 1605 »δὲι
1536 1542 1620 1606 καλδ
1643 1548 1752 1625 »μένι,

182 1648 242 1707 κάν
273 1645 315 1725 μή
349 1645 402 1703 καὶ
434 1654 498 1717 τοῖς
526 1643 644 1728 ῥήμασι
673 1645 942 1731 συνεκήφαίνηται·
974 1645 991 1709 δ
1016 1650 1112 1728 »μὲνι
1145 1647 1181 1709 δὲ
1209 1649 1242 1709 τδ
1265 1650 1389 1726 ἕτοιμον
1410 1650 1462 1728 τής
1483 1648 1608 1728 γνώμης
1696 1649 1755 1713 561

180 1751 353 1830 παρίστησι,
376 1751 430 1807 καὶ
450 1747 545 1831 δηλοῖ
564 1749 738 1827 σχεδιάζειν
760 1750 795 1825 ἐξ
813 1748 954 1828 ὑπογύου
973 1755 1027 1814 τδν
1041 1751 1180 1828 λέγοντα.
1208 1749 1413 1833 11ἀρξάμενος
1431 1753 1506 1825 γούν
1519 1752 1587 1812 τινὰ
1604 1751 1754 1834 περίοδον

181 1855 283 1935 δῆθεν
305 1854 326 1934 η’
346 1855 398 1912 καὶ
419 1851 499 1914 ἀλλο
523 1876 550 1915 τι
573 1856 675 1935 σχήμα
697 1858 760 1915 τῶν
780 1862 927 1934 τεχνικῶν
949 1855 1155 1936 ἐκτορνεύσαι,
1180 1859 1255 1936 πρίν
1276 1854 1378 1916 ἐκεῖνο
1402 1858 1548 1935 περόναι,
1583 1855 1753 1939 ἀπηνέχθη

182 1960 261 2039 πρὸς
289 1959 393 2036 ἕτερον
419 1961 455 2044 τῇ
486 1956 568 2044 ῥύμη
597 1960 651 2022 τού
679 1956 791 2035 λόγου·
826 1950 978 2024 τοσούτων
1014 1959 1231 2043 ἐμπέπλησται
1262 1958 1296 2021 ιδ
1325 1961 1442 2040 στῆθος
1470 1958 1705 2042 ἐνθυμημάτων
1735 1960 1753 2022 ὁ

180 2052 336 2139 γεννάδας
358 2058 459 2143 ῥήτωρ
481 2060 609 2136 ἐκεῖνος,
633 2067 685 2123 καὶ
708 2061 786 2125 ούτω
808 2067 845 2124 τά
869 2062 962 2127 ἔνδον
983 2061 1163 2145 πλημμυρεῖ
1181 2073 1244 2137 τοῖς
1266 2062 1432 2146 νοήμασιν,
1455 2060 1491 2136 ὅς
1507 2085 1541 2138 γε
1556 2065 1610 2144 τήν
1630 2063 1755 2146 μνήμην

99 2155 103 2165 ’
180 2171 233 2233 τοῦ
254 2167 290 2230 ἐν
310 2170 395 2245 χερσὶ
420 2164 626 2246 θεωρήματος
647 2172 688 2250 τῷ
711 2164 799 2244 τάχει
821 2169 874 2248 τῆς
887 2166 1047 2249 ἐπιφοράς
1064 2170 1116 2230 τού
1130 2166 1276 2247 δευτέρου
1293 2166 1397 2248 ῶσπερ
1413 2166 1548 2246 κύματος
1562 2165 1754 2250 ἐπεκλύσθη.

184 2265 297 2353 Ῑῖὄρᾷς
319 2271 375 2353 ὅση
398 2270 533 2349 δύναμις
555 2268 651 2332 ἔνεστι
668 2280 732 2342 τοῖς
754 2268 818 2332 ἀνά
837 2280 927 2350 χεῖρα
946 2271 1139 2352 συνδέσμοις,
1164 2273 1225 2332 κάν
1244 2269 1483 2351 μονοσυλλαβίᾳ
1507 2280 1756 2353 σιενοχωροῖντο.

185 2374 289 2438 ἐλάλλ
312 2373 402 2440 οὐδὲν
423 2375 465 2436 ἔτι
487 2376 583 2436 ταῦτα
605 2374 684 2454 πρδς
705 2375 759 2455 τήν
781 2373 882 2456 ἀλλην
902 2378 955 2456 τής
976 2376 1081 2458 τέχνης
1104 2377 1222 2456 σοφίαν
1237 2379 1291 2435 καί
1305 2378 1458 2456 θεωρίαν,
1481 2375 1520 2457 ἣν
1542 2372 1558 2436 δ
1579 2372 1756 2458 ὑπερόπτης

183 2480 219 2543 σὺ
240 2479 368 2542 πάντων
398 2474 714 2555 ἀποπροσποιεῖσθαι
743 2477 871 2557 τολμᾷς.
918 2476 1025 2560 14ήμῖν
1057 2476 1086 2540 δ’
1116 2475 1171 2541 οὖν
1199 2481 1332 2543 τοσαῦτα
1358 2486 1438 2560 πρὸς
1468 2483 1502 2541 τὸ
1526 2483 1650 2559 πρῶτον
1671 2478 1755 2560 ἐρῶ-

180 2606 261 2665 τημα
285 2586 318 2644 τδ
340 2583 398 2658 Δέ,
432 2580 562 2643 πλεῖστα
588 2585 647 2660 μὲν
675 2581 846 2662 πράγματα
874 2592 937 2654 τοῖς
959 2581 1118 2664 ἐξηγηταῖς
1140 2583 1323 2662 παρασχόν,
1356 2589 1403 2645 σοὶ
1426 2583 1462 2645 δὲ
1482 2586 1535 2643 καί
1558 2583 1679 2664 κληθὲν
1703 2587 1757 2643 καὶ

180 2689 337 2769 νομισθὲν
357 2683 595 2759 ἀνακόλουθον,
620 2683 661 2771 [δή
683 2686 752 2762 ἐμοὶ
765 2689 980 2765 πραγματείας
991 2684 1064 2749 οὐδὲ
1076 2691 1152 2766 μιάς
1164 2685 1253 2747 δοκεῖ
1265 2685 1405 2756 δεῖσθαι,
1430 2684 1499 2747 ἀλλ’
1514 2684 1653 2748 αὐτόθεν
1675 2687 1757 2765 ἔχειν

180 2793 236 2875 τήν
257 2791 402 2874 δήλωσιν.
448 2789 542 2868 1·”έρῶ
565 2788 601 2851 δὲ
624 2792 766 2861 καὶπῶς
795 2793 846 2850 »H
862 2789 1034 2868 βούλεσθε·
1058 2791 1185 2867 καλγδρ
1208 2789 1269 2865 ἐγῶ
1292 2786 1427 2872 σήμερον
1443 2788 1447 2876 ή
1465 2788 1613 2869 ἑστιάτωρ
1699 2790 1785 2856 56²·

181 2894 286 2976 ύμῖνι,
326 2897 414 2957 τούτο
435 2894 477 2974 μή
507 2891 613 2965 καλῶς
643 2893 882 2972 διαιρούμενον,
913 2891 950 2956 ού
971 2893 1071 2975 καλήν
1094 2891 1292 2955 ἀποδίδωσιν
1313 2892 1440 2967 εἰκότως
1461 2895 1516 2976 τήν
1538 2897 1690 2974 θεωρίαν,
1712 2893 1758 2965 είς

182 2999 283 3063 πολύν
305 3021 374 3061 τινα
397 2998 522 3061 πλάνον
542 2999 611 3071 τούς
632 2995 872 3077 ίχνηλαιούντας
900 2996 1078 3076 ἐμβάλλον,
1108 2995 1277 3080 ἐπειδήπερ
1307 2996 1398 3073 ἀπαξ
1423 2995 1476 3061 ὑπ’
1506 2997 1653 3079 ἀπειρίας
1680 2995 1756 3060 ἀπε·

180 3104 353 3188 σφάλησαν
374 3105 427 3186 τής
448 3100 615 3188 εύθήεήίας·
649 3096 705 3163 ούκ
727 3101 769 3161 δν
790 3100 851 3180 γάρ
875 3100 976 3186 (εἷπεν
997 3097 1015 3164 ό
1039 3099 1144 3182 λόγος)
1168 3098 1278 3181 ὀρθῶς
1303 3104 1362 3179 μὲν
1392 3104 1615 3190 προσενέγκης,
1647 3102 1758 3183 ὀρθῶς

183 3207 219 3270 δέ
250 3207 292 3289 μή
326 3206 447 3294 διέλης,
485 3210 540 3265 ίνα
569 3202 1015 3286 προσηκόντωςδανείσωμαι
1043 3202 1136 3289 ῥητόν
1166 3204 1203 3268 ού
1234 3206 1402 3286 προσῆκον.
1459 3205 1485 3243 ¹⁶
1494 3204 1586 3268 ἄλλοι
1614 3209 1674 3285 μὲν
1702 3204 1758 3268 οὖν

184 3310 270 3373 άλλα
293 3313 386 3391 φασί,
422 3314 476 3371 καὶ
497 3306 553 3373 ούκ
577 3308 669 3385 ὀλίγα
692 3307 823 3384 πάντες,
857 3307 900 3382 ῶς
923 3309 1039 3370 οῖσθα·
1071 3309 1104 3370 τδ
1135 3307 1213 3388 παρ’
1241 3306 1331 3390 ήμῶν
1360 3306 1396 3369 δὲ
1426 3311 1575 3373 τοιοῦτον.
1631 3309 1692 3373 οὔτ’
1721 3310 1757 3371 ἐν

182 3415 376 3496 ἐπιρρήμασι
397 3410 546 3493 τάττομεν
566 3414 600 3475 τδ
619 3415 825 3492 προκείμενον
846 3435 915 3494 ιρι,
937 3413 1006 3476 οὔτε
1023 3414 1225 3492 περισπῶμεν
1240 3410 1435 3486 δασύνοντες,
1457 3413 1536 3474 κατά
1550 3412 1618 3486 τοὺς
1631 3412 1759 3486 πλείους

183 3520 328 3592 ἐκείνων,
361 3516 433 3578 ἀλλ’
455 3518 601 3597 άνπκρυς
629 3516 761 3595 λέγομεν
784 3514 996 3587 διαζευκτικδν
1015 3515 1098 3577 εῖναι
1120 3512 1309 3597 σύνδεσμον,
1341 3498 1600 3597 ἀναγινώσκομεν
1622 3516 1658 3578 δὲ
1680 3520 1757 3578 καθ’

182 3619 356 3704 ὑπερβατὸν
379 3619 506 3685 ούτωσί·
533 3622 576 3682 Ἣ
593 3619 748 3698 βούλεσθε
769 3619 830 3694 ἐγῶ
852 3622 907 3681 τόν
928 3623 1000 3700 περὶ
1022 3617 1137 3682 τούτων
1159 3621 1304 3701 παραθῶ
1326 3616 1423 3695 λόγον
1443 3615 1541 3699 ύμῖν,·
1570 3621 1603 3683 ιδ
1626 3618 1661 3682 δὲ
1685 3625 1758 3682 »καὶ

181 3726 243 3805 γάρ
264 3724 325 3802 ἐγώ
348 3724 501 3806 σήμερονι
536 3723 715 3807 ἐπεμβολήν
737 3722 930 3803 λογιζόμεθα
952 3725 1144 3805 κατασκευῆς
1164 3722 1207 3797 ἐξ·
1224 3722 1337 3795 αἰτίας,
1360 3732 1423 3796 τοῖς
1437 3732 1585 3801 τεχνικοῖς
1601 3721 1759 3807 ἑπομένην

184 3828 271 3908 όροις
300 3832 352 3887 καὶ
381 3829 501 3907 νόμοις.
548 3828 652 3891 “cmi
683 3827 744 3910 γάρ
775 3825 906 3910 ήξίωσεν
935 3825 952 3889 δ
982 3826 1084 3910 πατήρ
1113 3828 1180 3899 τοὺς
1209 3828 1371 3909 παρόντας
1399 3826 1436 3888 ἐν
1469 3830 1569 3901 θείοις
1600 3831 1758 3911 τρυφήσαι

183 3931 287 4008 λόγοις
309 3935 362 3992 καὶ
384 3928 583 4015 διηγήμασιν,
607 3931 712 4013 ῶσπερ
735 3927 934 4014 ἀποροῦντας
955 3930 1167 4011 αἰσθόμενος,
1198 3933 1307 3993 πόθεν
1328 3931 1371 3991 ῶν
1392 3926 1600 4013 εύπορήσαιεν
1619 3930 1759 4014 τοιαύτης

183 4034 319 4118 τρνφής,
350 4035 504 4118 ἐρωτῆσαι
533 4040 593 4116 μὲν
623 4035 678 4098 οὐκ
709 4034 864 4122 ἀνέλχεται
899 4035 961 4118 »μή
994 4058 1019 4097 τι
1053 4031 1109 4099 σύν
1140 4032 1227 4115 ύμεῖς
1259 4035 1340 4113 ἔχετε
1372 4037 1511 4098 τοιοῦτον
1539 4034 1617 4114 παρ’
1701 4035 1758 4100 571

183 4137 306 4211 ἑαυτοῖς
311 4166 356 4215 ,·‹,
378 4139 572 4224 ἐπιστρεφῶς
595 4139 630 4202 δὲ
652 4139 743 4219 μάλα
765 4143 818 4201 καὶ
841 4138 1001 4219 ἀνδρικῶς
1016 4136 1256 4203 ἀποκινδυνεύει
1277 4137 1358 4220 πρδς
1379 4138 1412 4200 τδ
1435 4134 1506 4221 δξής
1530 4139 1569 4222 νή
1590 4141 1678 4203 τούτο
1699 4142 1759 4220 μέν

182 4240 413 4323 ἀπαρνεῖσθαι
432 4279 469 4291 ·-
493 4244 592 4326 δῆλον
614 4243 661 4307 δτι
684 4244 763 4306 κατά
786 4246 819 4307 τδ
836 4243 1044 4325 σιωπώμενον
1060 4283 1095 4292 -
1122 4242 1295 4321 »βούλεσθε
1307 4241 1343 4304 δὲ
1361 4242 1415 4325 τήν
1433 4243 1510 4324 παρ’
1528 4241 1617 4324 ήμῶν
1633 4241 1760 4323 μᾶλλον

183 4342 343 4426 τράπεζαν
350 4375 393 4425 ,·‹.
435 4352 522 4412 τούτο
552 4346 571 4431 η’
595 4348 698 4431 τόλμα
720 4352 773 4409 καὶ
795 4351 827 4410 τδ
851 4345 1064 4427 κινδύνευμα·
1096 4347 1129 4409 τδ
1164 4346 1199 4408 δὲ
1229 4349 1282 4410 τού
1308 4343 1507 4427 βουλήματος
1531 4345 1661 4421 εύλογον
1686 4351 1759 4409 »καὶ

183 4451 244 4532 γάρ
266 4450 347 4529 ἐγῶι
374 4468 451 4535 φησι
475 4452 630 4535 »σήμερον
651 4451 820 4533 έστιοίτωρι
845 4451 943 4535 ήγουν
958 4450 1161 4524 διδάσκαλος.
1208 4448 1306 4513 18εἶτα
1319 4446 1435 4530 μεταξύ
1449 4471 1476 4510 τι
1488 4451 1757 4530 παρακομπάσας,

182 4554 308 4636 μᾶλλον
331 4553 366 4617 δὲ
390 4555 594 4629 πεποιθότως
614 4559 647 4620 τδ
671 4556 784 4621 ἑαυτοῦ
804 4557 1018 4640 παραστήσας,
1041 4560 1094 4617 καὶ
1115 4556 1169 4638 τήν
1190 4555 1270 4616 κατδ
1294 4553 1423 4616 πάντων
1445 4548 1462 4615 δ
1485 4550 1654 4636 πάνσοφος
1676 4552 1760 4617 α’να-

183 4656 337 4742 καλύψας
358 4657 518 4742 ύπεροχήν
538 4659 575 4722 ἐν
596 4665 639 4744 τῷ
662 4661 767 4724 δοκεῖν
786 4660 961 4741 μετριάζειν
987 4659 1098 4746 (ταῦτα
1117 4659 1179 4740 γάρ
1202 4657 1298 4722 αύτού
1319 4659 1357 4721 τοὶ
1380 4653 1582 4741 σοφώτατα),
1617 4656 1687 4720 ἐπεὶ
1709 4681 1758 4721 τε·

183 4767 410 4847 θαμβημένονς
432 4762 579 4839 ἅπαντας
608 4766 671 4828 εῖδε
699 4770 752 4827 καὶ
781 4772 852 4853 σιγή
881 4763 936 4828 τὸν
967 4764 1087 4826 ἐκείνου
1115 4761 1211 4838 λόγον
1238 4759 1526 4841 προσδεχομένους,
1562 4758 1620 4836 δ,τι
1643 4760 1759 4845 δήποτε

251 4906 281 4941 10
299 4886 406 4958 Gregor
424 4887 547 4940 Nazianz
566 4886 641 4954 1437
661 4892 706 4954 386
726 4887 804 4956 [anni
825 4887 897 4956 1778]
915 4891 918 4956 Ι
936 4906 965 4940 12
981 4885 1193 4958 μονοσολλιιβίαι
1210 4882 1296 4938 codex
1313 4887 1318 4950 Ι
1335 4902 1361 4951 15
1383 4882 1497 4938 Genesis
1514 4903 1540 4949 4,
1557 4902 1571 4951 7

1431 4985 1474 5056 8δί
