4560 6172
487 553 531 618 18

532 727 551 790 1
576 722 755 788 Κάνταόθσ
777 724 913 804 Χριστός
934 725 1016 786 ἐστιν
1036 717 1147 784 ὑπνῶν
1167 721 1204 783 έν
1225 720 1338 806 ξύλῳ.Ι

578 831 668 911 φέρει
691 829 727 890 δὲ
748 829 861 907 χρυσὸς
882 831 935 892 τοῦ
957 826 1088 902 πάθους
1109 831 1164 911 τῆν
1184 828 1309 903 ελκόνα,

576 929 656 995 ἄνθ’
680 925 717 997 οὗ
738 936 887 1014 πραθεές,
910 932 1005 996 ἔσοισε
1026 934 1095 1008 τοὺς
1116 935 1182 995 κατ’
1202 933 1322 996 εἰκόνα.

495 1141 563 1207 88.
587 1140 677 1218 Πρός
705 1140 761 1201 τόν
786 1137 1023 1218 ἐπιλαβόμενον
1051 1143 1104 1204 τοῦ
1134 1139 1252 1220 λάμβου
1281 1143 1333 1205 τοῦ
1369 1137 1469 1204 »ἄνθ’
1499 1133 1537 1205 οὗ
1565 1135 1723 1219 nomme<
1754 1130 1797 1208 ὥς
1822 1135 1875 1217 τῆς
1897 1137 2082 1217 προθέσδως

621 1239 658 1306 οὗ
679 1240 784 1313 καλῶς
804 1244 1038 1324 προσκειμένης.

539 1348 555 1411 l
580 1345 621 1407 Εἰ
642 1345 780 1425 Χριστὸν
801 1345 932 1427 έχθροῖς
954 1346 1051 1409 ὤνιον
1070 1346 1256 1429 μιαιφόνοις

579 1449 713 1536 Ιέχθρὸς
734 1449 880 1530 μαθητής
901 1447 1058 1511 άντέδοικε
1079 1453 1217 1529 χρυσίου,
1512 1451 1567 1517 15¹

578 1556 607 1615 τί
628 1556 684 1617 νόν
706 1551 944 1634 ἁμαρτάνουσιν
965 1552 997 1615 οἳ
1019 1557 1220 1634 πεπεισμένοι

578 1656 686 1720 πάλαι
708 1660 880 1740 πραθῆναι
901 1658 1039 1739 Χριστόν
1059 1657 1129 1720 άντλ
1151 1662 1297 1740 χρυσέους

536 1762 557 1828 5
579 1767 648 1836 πῶς
669 1761 699 1824 δ’
722 1760 754 1824 οἶ
774 1762 914 1839 λέγοντες
936 1767 989 1823 καὶ
1010 1761 1186 1845 γράφοντες
1207 1764 1262 1846 τῆν
1284 1763 1412 1847 πράσιν,

578 1867 665 1938 ὅπως
687 1869 815 1949 συνέστη
836 1870 889 1928 καὶ
911 1868 988 1928 καθ’
1009 1864 1118 1928 ὅντινα
1140 1867 1268 1947 τρόπον,

580 1970 641 2046 ἔξω
665 1973 816 2051 φέρονται
837 1972 890 2035 τοῦ
912 1970 1121 2054 προσήκοντος
1142 1969 1247 2048 λόγου,

581 2073 710 2157 σκάφην
730 2073 895 2147 καλοῦντες
916 2074 971 2156 τῆν
994 2072 1194 2158 ὑμνουμένην
1215 2072 1360 2158 σκάφηνς
1893 2097 1906 2144 8
1926 2093 2063 2147 Lucianus

580 2180 609 2239 τέ
631 2176 659 2239 δ’
682 2178 725 2238 ἄν
746 2199 790 2249 τις
812 2179 896 2239 εἴποι
918 2182 973 2260 τῆν
993 2176 1113 2258 πράσιν
1135 2177 1219 2262 πλῆν
1241 2181 1262 2261 η“
1281 2178 1383 2260 μόνον
1873 2163 2083 2235 zefinqaypdbc

519 2282 561 2345 10
581 2279 660 2361 ὅπερ
682 2282 833 2361 πέφυκεν,
856 2278 926 2344 άντί
948 2279 1079 2365 λη’φεως
1100 2280 1199 2356 δόσιν,
1876 2235 1930 2305 [⁴⁴]
1950 2255 1980 2302 ³²

580 2384 683 2465 μόνον
705 2387 863 2466 προσέστω
886 2387 987 2464 κέρμα
1009 2390 1052 2469 τῷ
1074 2389 1295 2472 πεπραγμένῳ,

581 2485 625 2561 ὥς
646 2490 688 2551 όν
710 2489 789 2567 πρὸς
811 2487 1022 2568 ἀντάλλαγμα
1043 2491 1084 2571 μῆ
1109 2493 1306 2570 συνεμπέσοι.

580 2590 641 2669 έγολ
662 2596 721 2671 μέν
743 2592 820 2654 οὗτοι
842 2592 898 2675 τῆν
919 2595 1039 2670 πράσιν
1060 2594 1181 2671 μαθών
1203 2592 1301 2669 λέγω·

581 2695 675 2758 ἄλλοι
699 2695 728 2757 δ’
750 2733 793 2744 -
815 2697 890 2769 ἴσοις
910 2695 1079 2774 βλέποντες
1101 2693 1190 2779 ἡμῶν
1210 2720 1238 2760 τι
1261 2696 1423 2760 πλέον-
1877 2736 1907 2782 14
1915 2717 2019 2776 ῖσωςει
2027 2718 2082 2776 ῖοος

520 2799 561 2866 15
582 2797 637 2863 οὐκ
661 2798 749 2862 »άντὶ
769 2803 902 2881 χρυσοῦ(
927 2805 1008 2882 φασὶ
1029 2800 1221 2882 πεπράσθαι
1242 2799 1323 2876 τόδε,
1883 2797 2039 2843 ⁰⁰f¹⁰⁰¹¹¹m
2058 2806 2076 2843 ὅ

582 2900 692 2976 ἅπλῶς
715 2901 751 2965 δὲ
774 2907 927 2985 »χρυσοῦι
950 2903 1017 2967 δεῖν
1038 2904 1175 2988 γράφειν
1195 2929 1227 2968 τε
1247 2910 1301 2968 καλ
1323 2904 1434 2984 λέγειν.
1875 2877 1960 2985 &geu
1983 2863 2083 2984 λ’)ιῗλξ.

582 3010 635 3090 τῆς
656 3004 819 3089 α’κριβεέας
840 3011 902 3071 τῶν
923 3006 1128 3071 διδασκάλων
1149 3008 1226 3093 όση.Ι
1876 3003 1961 3055 mund

581 3114 651 3185 πός
672 3107 728 3175 οὖν
748 3110 869 3174 ἐκεῖνον
890 3113 944 3174 τόν
967 3113 1080 3196 Θαλῆν
1100 3136 1144 3186 τις
1166 3113 1334 3194 θαυμάσει
1340 3142 1352 3193 ς

584 3218 679 3298 σοφοὶ
699 3218 759 3294 μὲν
780 3211 874 3291 οὗτοι,
897 3220 951 3278 καῖ
971 3219 1005 3278 ιδ
1028 3214 1133 3296 δόγμα
1154 3221 1216 3279 τοῖν
1239 3215 1341 3281 πάνυ·

519 3319 562 3385 20
581 3317 752 3400 όπερφυιός
773 3322 833 3401 γάρ
856 3318 918 3382 ἐστὶ
939 3323 1002 3383 τῶν
1022 3318 1229 3404 α’ποκρύφων.

582 3425 611 3486 τέ
633 3422 662 3484 δ’
685 3422 704 3507 ῆ
726 3421 882 3504 πρόθεσις
903 3423 1007 3506 ζημιοῖ
1026 3428 1249 3508 προσκειμένης

582 3524 737 3609 έρῆσομαι
758 3528 819 3611 γάρ
842 3529 897 3589 τόν
919 3527 1069 3610 δικασεῆν
1089 3531 1143 3592 τοῦ
1164 3528 1277 3606 λόγου·

559 3712 560 3716 ¹
586 3632 607 3714 ῆ
627 3632 697 3704 πῶς
717 3633 884 3711 παροῦσαν
903 3633 1032 3715 μακρὰν
1051 3630 1186 3707 δξιοθεῖς
1206 3636 1272 3713 βίη,

585 3735 625 3820 ῆν
646 3734 684 3800 οὗ
706 3739 871 3818 παροῦσαν
893 3733 990 3810 αὖθις
1011 3737 1109 3810 έλκεις
1128 3738 1174 3811 εἰς
1193 3740 1308 3817 μέσονς

520 3839 563 3905 25
585 3842 654 3913 πῶς
674 3840 735 3919 γάρ
758 3834 880 3922 νοῆσεις
900 3842 934 3903 τό
956 3843 1126 3924 πραθῆναι
1146 3845 1284 3923 χρυσέου,

585 3942 645 4030 Ιμῆ
669 3943 861 4025 προσλαβών
881 3945 1006 4019 ε’ξωθεν
1027 3942 1122 4029 αὐτην
1144 3943 1302 4028 ἀγράφως
1307 3969 1320 4024 ς
1515 3946 1573 4014 15¹

586 4046 637 4109 δεῖ
655 4045 718 4128 γάρ
739 4070 778 4127 με
800 4046 927 4122 πάντως
949 4051 1029 4130 πρὸς
1050 4052 1085 4111 σὲ
1107 4052 1170 4112 τῶν
1191 4054 1256 4113 σοῖν
1278 4073 1306 4113 τι
1328 4047 1462 4135 φράσαι.

586 4150 658 4214 ἀλλ’
681 4150 723 4224 ὡς
745 4152 827 4214 ἔοικε
847 4156 899 4236 τῆς
920 4156 1095 4236 σαφηνείας
1114 4152 1209 4234 χάριν

586 4255 738 4338 ἄχρηστος
759 4254 777 4338 ῆ
801 4255 949 4340 δύστηνος
970 4254 1045 4339 ὑμῖν
1066 4254 1193 4343 εὑρέθη·

525 4361 569 4428 30
589 4363 624 4423 τδ
647 4362 708 4441 γάρ
732 4364 834 4443 σαφές
855 4383 886 4423 τε
906 4365 960 4423 καλ
982 4359 1144 4445 πρόδηλον
1164 4362 1201 4426 έν
1221 4360 1327 4439 λόγοις

587 4462 801 4547 λογογράφοις
822 4464 958 4548 ῆδιστον,
981 4462 1018 4529 οὐ
1040 4464 1280 4549 σχεδογράφοις,

588 4571 642 4630 καὶ
664 4572 760 4633 ταῦτα
784 4569 893 4651 κλῆσιν
914 4569 948 4631 τδ
971 4567 1084 4653 σχέδην
1104 4572 1307 4654 κεκτημένοις.

587 4674 722 4754 γρίφους
743 4672 779 4735 δὲ
801 4677 851 4737 σολ
874 4672 1019 4737 πλέκοντι
1040 4674 1110 4747 τοὺς
1131 4672 1167 4736 έν
1187 4677 1230 4759 τῷ
1252 4673 1354 4754 σχέδει

588 4776 731 4855 έοαχθές
752 4776 815 4841 ἐστι
836 4780 904 4842 πᾶν
925 4777 1098 4861 πρόχειρον
1119 4782 1174 4839 καὶ
1195 4778 1318 4862 σχέδην.

522 4878 568 4947 35
589 4878 660 4943 ἀλλ’
685 4885 838 4947 ›civem‹
861 4884 893 4946 τὲ
914 4885 968 4944 καλ
991 4882 1124 4967 »χάρινι
1148 4888 1202 4946 καλ
1221 4882 1339 4960 τοιάδε,
