4560 6172
343 537 428 604 Ιθθ
1856 545 1920 608 213

345 703 362 787 ή
386 709 438 789 τής
459 707 614 786 προτέρας
636 705 725 780 λύσις
746 703 811 790 (ῶς,
825 706 1090 792 ἐοικε)·δεοτε’ρας
1112 705 1250 788 ἀπορίας
1271 706 1368 792 ἀρχή,
1401 709 1490 772 τούτο
1517 711 1587 789 μέν,
1616 714 1670 792 τήν
1700 713 1792 786 τάξιν
1819 712 1922 776 ἐνθυ-

343 810 501 896 μουμέΙνφ
523 815 576 873 καὶ
598 808 641 884 ῶς
662 808 720 873 οὐκ
742 810 816 885 ἐξόν
837 809 924 896 αὐτῷ
944 810 1006 876 ὑπό
1028 812 1157 896 ἐντολήν
1177 835 1209 875 τε
1230 814 1273 875 ἐτι
1295 814 1427 898 κειμένῳ
1462 818 1516 874 καί
1545 813 1600 894 τήν
1627 812 1771 898 ὑπακοήν
1842 819 1920 883 309¹

344 915 506 978 διανύοντι
526 919 608 995 μέγα
630 939 657 978 τι
673 924 777 977 ποιεῖν
792 916 812 997 η’
825 919 938 995 μικρὸν
960 915 1049 996 παρὰ
1064 918 1120 1000 τήν
1134 920 1188 979 τού
1203 917 1334 994 ἀγοντος
1347 917 1505 1001 βούλησιν,
1526 921 1613 982 τοῦτο
1635 918 1682 993 δέ,
1705 924 1759 980 καὶ
1779 923 1812 982 τέ
1837 921 1921 985 ίδιον

343 1023 457 1100 μέτρον
478 1019 646 1093 ιύσυνέτοις
668 1022 835 1081 σκοποῦντι
864 1024 918 1080 καί
946 1019 1020 1101 μήτε
1052 1023 1131 1100 πρός
1153 1022 1361 1105 ποιμαντικήν
1381 1022 1551 1105 ἐπιστήμην
1570 1023 1649 1105 μήτε
1669 1026 1749 1103 πρδς
1770 1022 1921 1108 δαπάνην

346 1126 366 1205 η’
386 1126 544 1204 μέριμναν
571 1125 663 1203 ἔργου
686 1123 866 1205 τηλικούτου
894 1129 948 1185 καὶ
976 1123 1160 1205 πράγματος
1187 1123 1305 1197 ἶκανῶς
1325 1125 1407 1204 ἐχειν
1429 1124 1511 1198 δλως
1531 1125 1730 1208 λογιζομένῳ.
1763 1125 1869 1200 ἄλλως
1890 1151 1920 1190 τε

346 1231 399 1288 καὶ
422 1225 529 1299 πόθος
551 1224 646 1289 αὐτὸν
666 1226 799 1309 ἀρρητος
820 1225 885 1300 αίος
905 1229 967 1289 τῶν
980 1226 1129 1312 ἀφόκτων
1141 1231 1292 1311 σειρήναν
1307 1233 1361 1291 τού
1377 1227 1573 1292 διδασκάλου
1587 1240 1723 1308 κατεῖχε,
1746 1234 1799 1291 καὶ
1815 1230 1920 1294 πάντα

346 1331 471 1410 μάλλον
498 1333 621 1392 παθεῖν
655 1333 674 1411 η’
699 1330 897 1413 ζημιωθῆναι
926 1335 1034 1392 τοῦτον
1063 1329 1226 1411 ὑπέμενεν.
1324 1330 1376 1394 ¹⁶6
1403 1336 1464 1410 μέν
1492 1330 1549 1398 σύν
1576 1334 1612 1396 ἐν
1640 1333 1757 1408 τούτοις
1786 1332 1833 1417 ήν,
1867 1342 1921 1398 καὶ

347 1433 494 1505 τοιούτοις
516 1433 675 1513 λογισμοῖς
695 1435 949 1515 προσεποὶλαιεν·
981 1432 1039 1497 οὐκ
1068 1432 1107 1517 ήν
1137 1435 1172 1496 δέ
1194 1436 1260 1515 ἀρα
1283 1438 1381 1498 ταῦτα
1403 1435 1521 1499 λαθείν
1547 1437 1603 1499 τόν
1630 1437 1807 1518 βλέποντα,
1838 1440 1920 1514 όστις

345 1536 402 1600 οὐκ
425 1536 537 1611 ἀλλος,
560 1537 629 1599 ἀλλ’
651 1537 746 1612 αὐτός
768 1536 806 1621 ἦν
826 1540 945 1611 ἐκεῖνος
967 1539 983 1599 ὁ
1007 1542 1061 1601 τοῦ
1084 1542 1256 1602 θεσπεσίου
1277 1540 1369 1601 τοῦδε
1391 1543 1508 1619 πατρὸς
1530 1544 1708 1624 καθηγητης
1729 1547 1782 1602 καὶ
1803 1543 1920 1607 διδάσ-

348 1641 453 1716 καλος,
476 1637 503 1724 ῶ
524 1646 577 1703 καὶ
599 1644 655 1707 νῦν
677 1640 720 1715 ῶς
741 1640 791 1705 ἀεὶ
814 1643 919 1706 πάνια
939 1642 1083 1724 γνῶριμα
1103 1646 1219 1727 τίθησι,
1241 1648 1342 1706 καίτοι
1362 1668 1396 1721 γε
1418 1649 1546 1728 μακράν
1566 1643 1731 1728 ἀφεστῶτι,
1755 1645 1773 1710 δ
1794 1645 1920 1711 ἀνακα-

345 1743 472 1808 λύπτων
492 1747 604 1824 βαθέα
626 1751 679 1807 καὶ
701 1744 897 1828 ἀπογυμνῶν
917 1750 1123 1826 κεκρυμμένα.
1145 1747 1391 1830 ὑποστρέψαντα
1412 1751 1489 1824 γοῦν
1508 1753 1584 1829 μετά
1607 1749 1662 1832 τήν
1684 1754 1736 1833 τής
1756 1751 1921 1826 διακονίας

345 1848 542 1931 ἐκπλήρωσιν
562 1849 677 1930 μικρὸν
697 1849 846 1929 ἐπισχῶν,
869 1850 1087 1930 μετακαλεῖται
1109 1855 1164 1913 τόν
1185 1851 1274 1914 ὅσιον
1295 1857 1349 1913 καὶ
1374 1855 1428 1927 Τί,
1451 1855 1544 1936 φησί,
1565 1852 1699 1932 μέλλεις,
1721 1851 1746 1916 ῶ
1769 1855 1920 1938 Δωρόθεε

346 1956 473 2030 τέκνονς
506 1949 524 2034 ἦ
556 1952 627 2033 μήτι
658 1976 720 2016 που
749 1956 786 2019 σύ
812 1979 846 2032 γε
869 1954 973 2038 λήθην
995 1955 1080 2033 ἔσχες
1103 1958 1155 2019 τοῦ
1176 1958 1419 2039 χρηματίσαντος
1441 1962 1494 2018 καὶ
1516 1951 1562 2019 ῶν
1584 1958 1699 2031 ἐκεῖνος
1721 1958 1920 2042 έπέσκηψενγ

347 2056 425 2131 εέπε,
448 2060 501 2117 καί
523 2055 789 2141 διαταΙραχθέντα
812 2061 865 2120 τόν
887 2057 975 2120 όσιον
997 2056 1131 2140 ἀθρόως
1153 2059 1231 2121 ίδοίυ
1253 2062 1332 2141 πρδς
1351 2064 1386 2122 τό
1408 2065 1462 2126 τοῦ
1482 2059 1576 2138 λόγου
1591 2059 1776 2142 παράδοξον
1841 2065 1920 2131 309²

347 2167 401 2221 καὶ
431 2161 508 2221 καθ’
530 2159 613 2240 ἅπερ
642 2158 704 2227 ὐπδ
735 2164 818 2234 τινός
845 2166 976 2245 βροντής
1002 2162 1289 2244 ἐκτεθαμβημένον,
1321 2158 1527 2243 άνελάμβανό
1556 2187 1586 2226 τε
1615 2167 1694 2227 κατά
1722 2168 1837 2246 μικρόν
1866 2173 1921 2229 καί

346 2263 529 2326 ἀνεκαλεῖτο
550 2265 609 2325 σόν
629 2261 771 2344 εὐμενείᾳ
795 2269 846 2326 καὶ
868 2263 955 2337 τέλος
977 2265 1031 2338 τός
1052 2275 1159 2347 χεῖρας
1180 2266 1305 2338 ἐπιθεὶς
1325 2265 1536 2349 ἐπανήγαγεν.
1566 2265 1582 2329 ό
1613 2266 1775 2333 δ’ἐαοτοῦ
1798 2292 1828 2332 τε
1850 2270 1919 2351 ἅμα

346 2373 400 2431 καί
420 2372 483 2431 τῶν
504 2372 664 2448 πατρικῶν
686 2370 782 2448 ίχνῶν
804 2368 939 2445 γεγονῶς
959 2364 1102 2444 ἱκέτευεν,
1125 2368 1297 2452 η’ντιβόλει,
1320 2370 1541 2449 κατελιπάρει,
1571 2371 1746 2453 φιλήμασι,
1776 2372 1919 2456 δάκρυσι,

346 2477 460 2554 χωρῶν
480 2472 655 2553 ἐμπλοκαϊς
676 2476 747 2544 τοὺς
769 2470 905 2552 ὡραίους
926 2472 1064 2546 ἐκείνους
1085 2473 1208 2546 πόδας*
1229 2474 1452 2556 ἐξεθεράπευε.
1485 2476 1513 2536 τί
1539 2475 1600 2554 γόρ
1622 2472 1680 2538 οὐκ
1701 2473 1803 2553 ἐλεγε,
1834 2481 1862 2540 τί
1884 2479 1920 2541 δὲ

345 2576 400 2642 οὐκ
421 2578 521 2640 ἐποίει
543 2583 605 2639 τῶν
624 2577 670 2649 είς
689 2577 792 2639 οἶκτον
814 2574 933 2638 ἱκανῶν
954 2577 1201 2639 ἐπισπάσασθαι
1225 2581 1332 2661 ψυχήν
1355 2576 1612 2661 φιλοικτίρμονας
1635 2577 1678 2643 δι’
1700 2576 1746 2643 ῶν
1767 2578 1920 2646 ἀπάντων

346 2687 383 2746 ἐν
403 2687 492 2745 τούτο
515 2691 679 2769 παρητεττο
703 2686 757 2742 καὶ
777 2680 887 2757 μόνον,
921 2683 974 2763 τήν
996 2679 1053 2743 ἀπ’
1076 2680 1196 2743 ἐκείνου
1218 2680 1393 2758 διάστασιν,
1420 2683 1578 2765 χωρισμόν
1601 2686 1680 2749 θεοῦ
1701 2685 1845 2768 ἄντικρυς
1866 2693 1921 2750 καὶ

345 2788 458 2871 ζημίαν
481 2790 584 2868 ψυχῆς
605 2784 639 2848 τό
663 2788 797 2867 πρᾶγμα
819 2784 927 2847 καλῶν
953 2789 1006 2847 καί
1034 2784 1219 2858 καταδύντος
1248 2787 1330 2867 ἔχειν
1360 2785 1438 2867 πρός
1465 2791 1553 2849 τοῦτο
1583 2792 1636 2849 καὶ
1659 2787 1732 2850 λίαν
1753 2787 1921 2874 ἀφορήτως

346 2891 588 2972 διατεινόμενος.
678 2888 821 2950 16ἀλλίί
843 2893 942 2969 μέγας
970 2889 1070 2963 αὐθις
1097 2895 1287 2974 παρηγορῶν
1311 2888 1382 2957 Οὐκ
1409 2891 1499 2962 ἐσπν,
1529 2891 1627 2966 εἶπεν,
1657 2888 1683 2953 ῶ
1711 2897 1828 2969 τέκνον,
1861 2894 1920 2958 οόκ

346 2999 427 3060 ἐστιν
450 2996 555 3068 ἄλλως
576 2998 744 3071 γενέσθαι·
768 2994 867 3055 οέσθα
889 2998 950 3072 γάρ
973 2993 1019 3055 ότι
1035 2998 1136 3069 θετον,
1159 2994 1215 3057 ούκ
1231 2993 1453 3076 ἀνθρῶπινον,
1476 2995 1509 3056 τό
1524 2992 1695 3076 ἐπίταγμα·
1718 2995 1824 3061 ἀδέδ
1844 3003 1920 3074 θεός

345 3099 363 3161 δ
387 3099 475 3178 ἀγιος
497 3098 710 3179 βεβούλευται,
734 3100 777 3169 τίς
799 3097 1010 3172 όιαοκεδάσει,
1035 3104 1088 3158 καὶ
1109 3104 1164 3178 τήν
1184 3110 1272 3179 χεῖρα
1295 3097 1392 3165 αὐτού
1409 3099 1463 3181 τήν
1477 3092 1608 3180 ὑψηλήν
1629 3103 1672 3175 τίς
1692 3097 1921 3187 ἀποστρέψει*,·

346 3205 384 3270 ού
406 3208 500 3283 θέμις
521 3201 578 3270 οὖν
609 3201 760 3265 ἀπειθεῖν
788 3211 855 3273 ταῖς
886 3205 1063 3281 θειοτέραις
1093 3202 1304 3280 οἰκονομίαις·
1334 3205 1421 3267 τοῦτο
1449 3207 1510 3286 γάρ
1540 3201 1578 3267 οὐ
1597 3207 1700 3284 μόνον
1722 3205 1920 3289 ἀσύμφορον,

346 3306 429 3370 ἀλλά
452 3312 494 3392 τῷ
518 3313 610 3369 παντὶ
633 3311 687 3367 καὶ
709 3304 884 3368 ἀδύνατον·
915 3303 998 3386 ήμάς
1021 3305 1050 3365 δ’
1072 3307 1114 3367 άν
1143 3302 1162 3393 ᾖ
1193 3305 1336 3387 θέλημα,
1371 3306 1512 3392 κωήλόσει
1535 3307 1662 3382 πάντως
1684 3308 1777 3376 οὐδὲν
1840 3314 1920 3379 310¹

345 3413 591 3474 ἐπισκέπτεσθαί
613 3429 645 3471 οε
668 3413 721 3470 καὶ
743 3407 853 3484 πάλιν,
886 3410 947 3469 κάν
968 3409 1004 3470 ἐν
1025 3409 1167 3488 ἐσχάτοις
1187 3413 1242 3492 γῆς
1265 3409 1441 3499 διακρίβης,
1473 3415 1527 3474 καὶ
1548 3413 1586 3474 τοὶ
1608 3413 1733 3496 συνήθη
1753 3416 1919 3496 γνωμοδο-

345 3526 408 3578 τεῒν
430 3521 482 3578 καὶ
505 3513 694 3594 καταρτίζειν
715 3512 751 3574 ἐν
772 3523 835 3585 τοῖς
864 3516 918 3574 τού
949 3513 1133 3590 πνεύματος.
1164 3512 1242 3593 όπερ
1272 3510 1329 3575 ούν
1359 3512 1401 3586 ῶς
1429 3514 1617 3598 ἐπήγγελτο,
1649 3520 1702 3579 καί
1731 3522 1834 3581 ποιῶν
1862 3516 1920 3582 ούκ

346 3620 454 3703 ἔληγεν
474 3619 601 3698 ὕστερον
624 3616 641 3680 δ
664 3614 811 3699 ἀψευδής
834 3619 989 3698 θεράπων
1010 3620 1063 3698 τῆς
1084 3615 1251 3698 ἀληθείας.
1341 3614 1439 3680 11τότε
1468 3618 1497 3680 δ’
1523 3619 1632 3702 ἐπειδή
1664 3620 1780 3687 τούτων
1808 3621 1920 3702 ἢκουσε

347 3725 424 3803 παρ’
444 3723 560 3786 ἐλπίδα
592 3729 645 3785 καὶ
675 3725 801 3805 γνώμην
830 3720 846 3785 δ
877 3721 969 3799 ταχύς
998 3725 1053 3801 τήν
1082 3718 1268 3785 εὐπείθειαν
1294 3721 1412 3795 ἐκεῖνος
1440 3729 1492 3784 καὶ
1523 3722 1779 3804 ἀπροφάσιστος,
1812 3729 1846 3788 τό
1870 3731 1921 3809 τής

346 3827 489 3910 ύπακοής
512 3827 608 3899 ὄντως
630 3829 765 3901 τέκνον*,
800 3827 854 3891 οὐκ
877 3824 1056 3888 ἀντιτείνων
1079 3821 1120 3906 η’ν
1142 3822 1195 3898 ἐτι,
1218 3824 1275 3886 ούκ
1298 3821 1458 3901 ἀπειθῶν,
1489 3823 1526 3890 οὐ
1547 3826 1826 3908 προσβιαζόμενος,
1848 3827 1920 3892 ἀλλ’

345 3932 421 3996 δλον
442 3930 555 3994 ἑαυτὸν
576 3934 612 4019 τῇ
634 3930 736 4010 χάριτι
767 3930 934 4009 παραδούς
961 3936 1013 3988 καὶ
1044 3933 1095 4008 τῆς
1124 3931 1179 3989 τού
1209 3930 1380 4010 κρείττονος
1405 3928 1571 4009 γενόμενος
1598 3931 1760 4007 εὐδοκίας,
1794 3934 1920 3996 ἄπεισιν

344 4035 444 4110 εὐθύς
460 4032 502 4108 ῶς
518 4039 723 4115 προστέτακτο
739 4038 827 4114 παρὰ
845 4039 897 4098 τὸν
912 4032 1144 4111 ὐποδέιχθέντα
1159 4029 1259 4094 τόπον
1273 4030 1336 4095 ύπό
1351 4039 1403 4115 της
1418 4034 1536 4114 ὄψεως,
1558 4034 1733 4114 μᾶλλονδὲ
1748 4038 1921 4118 πρόσεισιν.

434 4140 459 4179 ¹⁸
473 4135 572 4212 Οὗτος
592 4143 653 4220 γὰρ
677 4140 794 4212 ἐκεῖνος
816 4137 833 4199 ό
856 4139 961 4212 τόπος,
985 4135 1073 4209 ούτος
1098 4133 1208 4211 αὐτός,
1240 4133 1257 4197 ὃ
1281 4137 1316 4198 ἐν
1337 4137 1484 4213 γειτόνων
1507 4135 1667 4220 δρῶμενος
1695 4143 1748 4201 καὶ
1769 4142 1920 4224 τοσαύτην

346 4244 462 4327 ἀγέλην
491 4249 549 4306 νῦν
575 4249 742 4322 μοναστῶν
771 4243 821 4304 ἐπ’
841 4240 947 4303 ἐλπίδι
977 4244 1185 4302 κατοικοῦσαν
1215 4239 1271 4326 (ῶς
1293 4242 1495 4326 γέγραπται*)
1524 4243 1558 4305 ἐκ
1587 4249 1640 4309 τοῦ
1668 4249 1743 4325 πρὶν
1771 4242 1920 4326 ἀοικήτου

347 4355 454 4431 φέρων
477 4355 529 4410 καὶ
552 4353 677 4431 τρέφων
699 4350 734 4432 τῇ
757 4350 915 4432 σωματική
939 4369 968 4408 τε
991 4352 1093 4434 τροφή
1123 4352 1175 4406 καὶ
1199 4344 1307 4430 πολλῶ
1330 4368 1363 4421 γε
1385 4345 1509 4425 μᾶλλον
1531 4350 1566 4435 τῇ
1591 4354 1727 4436 ψυχική,
1759 4343 1793 4430 η’ς
1814 4348 1920 4422 αὐτοῖς

346 4455 362 4516 ό
387 4459 450 4529 πῶς
473 4454 581 4530 λόγος,
616 4459 667 4513 καὶ
691 4453 771 4533 ὑπὲρ
801 4447 837 4533 ἧς
865 4449 897 4512 οὶ
927 4448 1045 4524 ἀγῶνες
1073 4446 1102 4511 οἱ
1131 4456 1333 4531 πνευματικοὶ
1359 4453 1413 4510 καὶ
1435 4450 1588 4531 σωτήριοι,
1680 4451 1792 4533 ιθπρδς
1813 4457 1919 4517 τοῦτον

343 4563 461 4632 ἐκεῖνος
482 4557 544 4620 ὑπό
569 4561 649 4622 θεοῦ
669 4579 698 4617 τε
722 4558 881 4638 πεμφθεὶς
905 4559 956 4615 καὶ
979 4558 1033 4618 τοῦ
1052 4554 1192 4632 μεγάλου
1216 4557 1332 4634 πατρός
1354 4555 1473 4616 ἐκείνου
1496 4562 1547 4615 καὶ
1572 4555 1752 4630 παιδευτοῦ,
1781 4556 1920 4639 μηδεμιᾷ

342 4663 488 4746 μελλήσει
509 4663 542 4724 τό
564 4667 696 4741 πρᾶγμα
718 4661 797 4743 μηδὲ
820 4658 979 4741 δισταγμῷ
1001 4662 1059 4718 τινὶ
1081 4657 1168 4733 δούς,
1191 4661 1282 4738 ἔργου
1305 4661 1411 4739 εἴχετο,
1435 4665 1487 4721 καὶ
1510 4661 1620 4733 πόνοις
1637 4659 1640 4742 l
1659 4661 1777 4732 πόνους
1840 4661 1920 4727 310²

344 4769 477 4849 συνήπτε
500 4768 553 4824 καί
574 4760 705 4844 ἱδρῶσιν
727 4763 876 4844 λόρῶτας,
905 4762 1123 4842 ἐκκαθαίρων,
1152 4762 1308 4844 ἐκφορῶν,
1340 4762 1497 4842 ὁμαλίζων
1526 4772 1594 4835 ταῖς
1623 4761 1736 4824 ἑαυτοῦ
1767 4767 1870 4844 χερσίν
1899 4761 1917 4824 ό

416 4908 442 4957 ¹5
463 4887 549 4942 isaias
567 4906 607 4954 52,
626 4902 639 4950 7
657 4884 660 4952 Ι
678 4889 707 4936 τό
726 4885 811 4940 Isaiae
832 4901 868 4947 14,
888 4888 983 4951 27117
1004 4884 1068 4938 Petr
1087 4903 1105 4935 α
1125 4903 1147 4946 1,
1167 4886 1261 4954 ¹411ss
1280 4885 1375 4940 *psalm
1393 4906 1451 4955 4‚9
