<?xml version="1.0" encoding="UTF-8"?>
<!DOCTYPE html PUBLIC "-//W3C//DTD XHTML 1.0 Transitional//EN"
    "http://www.w3.org/TR/xhtml1/DTD/xhtml1-transitional.dtd">
<html xmlns="http://www.w3.org/1999/xhtml" xml:lang="en" lang="en">
 <head>
  <title>
</title>
<meta http-equiv="Content-Type" content="text/html;charset=utf-8" />
  <meta name='ocr-system' content='tesseract 3.04.00' />
  <meta name='ocr-capabilities' content='ocr_page ocr_carea ocr_par ocr_line ocrx_word'/>
</head>
<body>
  <div class='ocr_page' id='page_1' title='image "./iohanniseuchait00vatigoog_0084.png"; bbox 0 0 4560 6172; ppageno 0'>
   <div class='ocr_carea' id='block_1_1' title="bbox 214 714 1063 2251">
    <p class='ocr_par' dir='ltr' id='par_1_1' title="bbox 214 714 1034 1214">
     <span class='ocr_line' id='line_1_1' title="bbox 214 714 1022 798; baseline -0.005 -15"><span class='ocrx_word' id='word_1_1' title='bbox 214 716 258 783; x_wconf 88' lang='grc'><strong><em>50</em></strong></span> <span class='ocrx_word' id='word_1_2' title='bbox 278 720 421 798; x_wconf 69' lang='grc' dir='ltr'><strong><em>βαθμοῖς</em></strong></span> <span class='ocrx_word' id='word_1_3' title='bbox 443 741 473 779; x_wconf 82' lang='grc' dir='ltr'><strong><em>τε</em></strong></span> <span class='ocrx_word' id='word_1_4' title='bbox 495 715 653 796; x_wconf 78' lang='grc' dir='ltr'><strong><em>λαμπροῖς</em></strong></span> <span class='ocrx_word' id='word_1_5' title='bbox 674 716 892 797; x_wconf 78' lang='grc' dir='ltr'><strong><em>ἐμπρέποντας</em></strong></span> <span class='ocrx_word' id='word_1_6' title='bbox 914 714 1022 791; x_wconf 87' lang='grc' dir='ltr'><strong><em>σ’ξίως.</em></strong></span> 
     </span>
     <span class='ocr_line' id='line_1_2' title="bbox 279 818 1034 903; baseline 0.003 -21"><span class='ocrx_word' id='word_1_7' title='bbox 279 819 436 902; x_wconf 73' lang='grc' dir='ltr'><strong><em>ἀργοῦντα</em></strong></span> <span class='ocrx_word' id='word_1_8' title='bbox 458 819 486 883; x_wconf 87' lang='grc' dir='ltr'><strong><em>δ’</em></strong></span> <span class='ocrx_word' id='word_1_9' title='bbox 506 821 577 899; x_wconf 83' lang='grc' dir='ltr'><strong><em>ἄρτι</em></strong></span> <span class='ocrx_word' id='word_1_10' title='bbox 596 818 751 903; x_wconf 75' lang='grc' dir='ltr'><strong><em>μηδαμῶς</em></strong></span> <span class='ocrx_word' id='word_1_11' title='bbox 771 821 900 901; x_wconf 81' lang='grc' dir='ltr'><strong><em>μέμφου</em></strong></span> <span class='ocrx_word' id='word_1_12' title='bbox 922 821 960 884; x_wconf 85' lang='grc' dir='ltr'><strong><em>σύ</em></strong></span> <span class='ocrx_word' id='word_1_13' title='bbox 979 842 1034 901; x_wconf 80' lang='grc' dir='ltr'><strong><em>με·</em></strong></span> 
     </span>
     <span class='ocr_line' id='line_1_3' title="bbox 279 921 1013 1010; baseline 0.003 -25"><span class='ocrx_word' id='word_1_14' title='bbox 279 925 390 1009; x_wconf 83' lang='grc' dir='ltr'><strong><em>Ιξηρδς</em></strong></span> <span class='ocrx_word' id='word_1_15' title='bbox 411 922 472 1004; x_wconf 85' lang='grc' dir='ltr'><strong><em>γάρ</em></strong></span> <span class='ocrx_word' id='word_1_16' title='bbox 494 923 557 1003; x_wconf 75' lang='grc' dir='ltr'><strong><em>εἰμι</em></strong></span> <span class='ocrx_word' id='word_1_17' title='bbox 579 925 616 1010; x_wconf 71' lang='grc' dir='ltr'><strong><em>οη·</em></strong></span> <span class='ocrx_word' id='word_1_18' title='bbox 637 924 776 1006; x_wconf 76' lang='grc' dir='ltr'><strong><em>πυρώσει</em></strong></span> <span class='ocrx_word' id='word_1_19' title='bbox 796 925 849 988; x_wconf 85' lang='grc' dir='ltr'><strong><em>τοῦ</em></strong></span> <span class='ocrx_word' id='word_1_20' title='bbox 871 921 1013 1000; x_wconf 84' lang='grc' dir='ltr'><strong><em>πάθους,</em></strong></span> 
     </span>
     <span class='ocr_line' id='line_1_4' title="bbox 275 1023 924 1109; baseline 0.002 -21"><span class='ocrx_word' id='word_1_21' title='bbox 275 1033 329 1089; x_wconf 75' lang='grc' dir='ltr'><strong><em>καὶ</em></strong></span> <span class='ocrx_word' id='word_1_22' title='bbox 351 1029 566 1109; x_wconf 73' lang='grc' dir='ltr'><strong><em>πραγματείας</em></strong></span> <span class='ocrx_word' id='word_1_23' title='bbox 589 1023 632 1100; x_wconf 77' lang='grc' dir='ltr'><strong><em>ὥς</em></strong></span> <span class='ocrx_word' id='word_1_24' title='bbox 653 1029 804 1109; x_wconf 87' lang='grc' dir='ltr'><strong><em>γεωργίας</em></strong></span> <span class='ocrx_word' id='word_1_25' title='bbox 826 1028 924 1102; x_wconf 87' lang='grc' dir='ltr'><strong><em>ξένος,</em></strong></span> 
     </span>
     <span class='ocr_line' id='line_1_5' title="bbox 277 1128 997 1214; baseline 0.001 -22"><span class='ocrx_word' id='word_1_26' title='bbox 277 1128 359 1193; x_wconf 83' lang='grc' dir='ltr'><strong><em>ὅθεν</em></strong></span> <span class='ocrx_word' id='word_1_27' title='bbox 381 1129 542 1210; x_wconf 76' lang='grc' dir='ltr'><strong><em>σχολάζων</em></strong></span> <span class='ocrx_word' id='word_1_28' title='bbox 563 1133 755 1214; x_wconf 84' lang='grc' dir='ltr'><strong><em>προστέτηκα</em></strong></span> <span class='ocrx_word' id='word_1_29' title='bbox 776 1140 846 1203; x_wconf 72' lang='grc' dir='ltr'><strong><em>ταῖς</em></strong></span> <span class='ocrx_word' id='word_1_30' title='bbox 867 1129 997 1209; x_wconf 91' lang='grc' dir='ltr'><strong><em>βίβλοις,</em></strong></span> 
     </span>
    </p>

    <p class='ocr_par' dir='ltr' id='par_1_2' title="bbox 214 1225 1063 1731">
     <span class='ocr_line' id='line_1_6' title="bbox 214 1225 1042 1316; baseline -0.005 -17"><span class='ocrx_word' id='word_1_31' title='bbox 214 1232 257 1299; x_wconf 85' lang='grc'><strong><em>55</em></strong></span> <span class='ocrx_word' id='word_1_32' title='bbox 278 1233 361 1296; x_wconf 69' lang='grc' dir='ltr'><strong><em>εἶναι</em></strong></span> <span class='ocrx_word' id='word_1_33' title='bbox 382 1232 538 1316; x_wconf 75' lang='grc' dir='ltr'><strong><em>μαθητής,</em></strong></span> <span class='ocrx_word' id='word_1_34' title='bbox 560 1230 598 1298; x_wconf 86' lang='grc' dir='ltr'><strong><em>ού</em></strong></span> <span class='ocrx_word' id='word_1_35' title='bbox 620 1230 824 1310; x_wconf 83' lang='grc' dir='ltr'><strong><em>διδάσκαλος,</em></strong></span> <span class='ocrx_word' id='word_1_36' title='bbox 846 1233 975 1297; x_wconf 87' lang='grc' dir='ltr'><strong><em>θέλων·</em></strong></span> <span class='ocrx_word' id='word_1_37' title='bbox 1026 1225 1042 1236; x_wconf 58' lang='grc'><em>”</em></span> 
     </span>
     <span class='ocr_line' id='line_1_7' title="bbox 279 1335 965 1423; baseline -0.003 -23"><span class='ocrx_word' id='word_1_38' title='bbox 279 1337 362 1420; x_wconf 78' lang='grc' dir='ltr'><strong><em>ῥᾷον</em></strong></span> <span class='ocrx_word' id='word_1_39' title='bbox 383 1337 444 1418; x_wconf 78' lang='grc' dir='ltr'><strong><em>γὰρ</em></strong></span> <span class='ocrx_word' id='word_1_40' title='bbox 467 1335 542 1400; x_wconf 77' lang='grc' dir='ltr'><strong><em>ολδα</em></strong></span> <span class='ocrx_word' id='word_1_41' title='bbox 564 1340 652 1402; x_wconf 80' lang='grc' dir='ltr'><strong><em>τοῦτο</em></strong></span> <span class='ocrx_word' id='word_1_42' title='bbox 674 1335 785 1420; x_wconf 77' lang='grc' dir='ltr'><strong><em>πολλῷ</em></strong></span> <span class='ocrx_word' id='word_1_43' title='bbox 805 1339 848 1422; x_wconf 74' lang='grc' dir='ltr'><strong><em>τῷ</em></strong></span> <span class='ocrx_word' id='word_1_44' title='bbox 870 1339 965 1423; x_wconf 83' lang='grc' dir='ltr'><strong><em>μέσῳ,</em></strong></span> 
     </span>
     <span class='ocr_line' id='line_1_8' title="bbox 279 1439 1001 1523; baseline 0 -20"><span class='ocrx_word' id='word_1_45' title='bbox 279 1445 332 1503; x_wconf 74' lang='grc' dir='ltr'><strong><em>καὶ</em></strong></span> <span class='ocrx_word' id='word_1_46' title='bbox 355 1444 453 1504; x_wconf 81' lang='grc' dir='ltr'><strong><em>πᾶσιν</em></strong></span> <span class='ocrx_word' id='word_1_47' title='bbox 474 1439 581 1514; x_wconf 82' lang='grc' dir='ltr'><strong><em>ἄλλως</em></strong></span> <span class='ocrx_word' id='word_1_48' title='bbox 601 1441 839 1523; x_wconf 82' lang='grc' dir='ltr'><strong><em>α’σφαλέστερον</em></strong></span> <span class='ocrx_word' id='word_1_49' title='bbox 859 1443 1001 1520; x_wconf 86' lang='grc' dir='ltr'><strong><em>τρόποις·</em></strong></span> 
     </span>
     <span class='ocr_line' id='line_1_9' title="bbox 276 1543 1038 1633; baseline 0 -27"><span class='ocrx_word' id='word_1_50' title='bbox 276 1545 421 1627; x_wconf 80' lang='grc' dir='ltr'><strong><em>,κρύψεις</em></strong></span> <span class='ocrx_word' id='word_1_51' title='bbox 442 1544 479 1606; x_wconf 87' lang='grc' dir='ltr'><strong><em>δέ</em></strong></span> <span class='ocrx_word' id='word_1_52' title='bbox 501 1562 558 1606; x_wconf 90' lang='grc' dir='ltr'><strong><em>σου</em></strong></span> <span class='ocrx_word' id='word_1_53' title='bbox 579 1546 634 1607; x_wconf 93' lang='grc' dir='ltr'><strong><em>τδν</em></strong></span> <span class='ocrx_word' id='word_1_54' title='bbox 656 1543 771 1624; x_wconf 78' lang='grc' dir='ltr'><strong><em>λύχνον</em></strong></span> <span class='ocrx_word' id='word_1_55' title='bbox 792 1544 827 1606; x_wconf 82' lang='grc' dir='ltr'><strong><em>έν</em></strong></span> <span class='ocrx_word' id='word_1_56' title='bbox 849 1543 883 1633; x_wconf 73' lang='grc' dir='ltr'><strong><em>τῇ</em></strong></span> <span class='ocrx_word' id='word_1_57' title='bbox 905 1548 1038 1624; x_wconf 68' lang='grc' dir='ltr'><strong><em>γωνίας*</em></strong></span> 
     </span>
     <span class='ocr_line' id='line_1_10' title="bbox 278 1633 1063 1731; baseline 0.003 -23"><span class='ocrx_word' id='word_1_58' title='bbox 278 1633 306 1708; x_wconf 77' lang='grc' dir='ltr'><strong><em>τί</em></strong></span> <span class='ocrx_word' id='word_1_59' title='bbox 327 1647 415 1713; x_wconf 89' lang='grc' dir='ltr'><strong><em>τούτύ</em></strong></span> <span class='ocrx_word' id='word_1_60' title='bbox 440 1670 513 1731; x_wconf 87' lang='grc' dir='ltr'><strong><em>φης,</em></strong></span> <span class='ocrx_word' id='word_1_61' title='bbox 535 1649 693 1730; x_wconf 81' lang='grc' dir='ltr'><strong><em>ἄνθρωπε</em></strong></span> <span class='ocrx_word' id='word_1_62' title='bbox 698 1677 710 1726; x_wconf 85' lang='lat'><strong><em>‚-</em></strong></span> <span class='ocrx_word' id='word_1_63' title='bbox 732 1651 800 1721; x_wconf 80' lang='grc' dir='ltr'><strong><em>πῶς</em></strong></span> <span class='ocrx_word' id='word_1_64' title='bbox 822 1647 928 1721; x_wconf 72' lang='grc' dir='ltr'><strong><em>καλεῖς</em></strong></span> <span class='ocrx_word' id='word_1_65' title='bbox 948 1647 1063 1728; x_wconf 81' lang='grc' dir='ltr'><strong><em>λύχνον</em></strong></span> 
     </span>
    </p>

    <p class='ocr_par' dir='ltr' id='par_1_3' title="bbox 215 1749 1026 2251">
     <span class='ocr_line' id='line_1_11' title="bbox 215 1749 1016 1836; baseline -0.002 -20"><span class='ocrx_word' id='word_1_66' title='bbox 215 1751 258 1816; x_wconf 84' lang='grc'><strong><em>60</em></strong></span> <span class='ocrx_word' id='word_1_67' title='bbox 278 1751 333 1814; x_wconf 86' lang='grc' dir='ltr'><strong><em>τύν</em></strong></span> <span class='ocrx_word' id='word_1_68' title='bbox 355 1749 410 1816; x_wconf 87' lang='grc' dir='ltr'><strong><em>ούκ</em></strong></span> <span class='ocrx_word' id='word_1_69' title='bbox 433 1753 543 1831; x_wconf 81' lang='grc' dir='ltr'><strong><em>ἔχοντα</em></strong></span> <span class='ocrx_word' id='word_1_70' title='bbox 565 1753 597 1814; x_wconf 80' lang='grc' dir='ltr'><strong><em>τύ</em></strong></span> <span class='ocrx_word' id='word_1_71' title='bbox 621 1754 781 1836; x_wconf 81' lang='grc' dir='ltr'><strong><em>προσῆκον</em></strong></span> <span class='ocrx_word' id='word_1_72' title='bbox 803 1755 874 1836; x_wconf 76' lang='grc' dir='ltr'><strong><em>φῶς</em></strong></span> <span class='ocrx_word' id='word_1_73' title='bbox 896 1751 997 1836; x_wconf 85' lang='grc' dir='ltr'><strong><em>λύχνῳ</em></strong></span> <span class='ocrx_word' id='word_1_74' title='bbox 1004 1780 1016 1829; x_wconf 87' lang='grc'><strong><em>,·</em></strong></span> 
     </span>
     <span class='ocr_line' id='line_1_12' title="bbox 280 1853 1026 1940; baseline 0.004 -25"><span class='ocrx_word' id='word_1_75' title='bbox 280 1853 319 1938; x_wconf 76' lang='grc' dir='ltr'><strong><em>ἢν</em></strong></span> <span class='ocrx_word' id='word_1_76' title='bbox 341 1855 463 1935; x_wconf 83' lang='grc' dir='ltr'><strong><em>λύχνος,</em></strong></span> <span class='ocrx_word' id='word_1_77' title='bbox 487 1855 561 1917; x_wconf 78' lang='grc' dir='ltr'><strong><em>ολδα</em></strong></span> <span class='ocrx_word' id='word_1_78' title='bbox 584 1858 653 1940; x_wconf 78' lang='grc' dir='ltr'><strong><em>(καὶ</em></strong></span> <span class='ocrx_word' id='word_1_79' title='bbox 673 1859 735 1938; x_wconf 81' lang='grc' dir='ltr'><strong><em>γάρ</em></strong></span> <span class='ocrx_word' id='word_1_80' title='bbox 758 1854 815 1936; x_wconf 78' lang='grc' dir='ltr'><strong><em>οὐκ</em></strong></span> <span class='ocrx_word' id='word_1_81' title='bbox 839 1854 1026 1940; x_wconf 78' lang='grc' dir='ltr'><strong><em>οἷρνητέον)·</em></strong></span> 
     </span>
     <span class='ocr_line' id='line_1_13' title="bbox 280 1956 1017 2041; baseline 0.003 -21"><span class='ocrx_word' id='word_1_82' title='bbox 280 1956 351 2020; x_wconf 85' lang='grc' dir='ltr'><strong><em>α’λλ’</em></strong></span> <span class='ocrx_word' id='word_1_83' title='bbox 373 1960 418 2030; x_wconf 77' lang='grc' dir='ltr'><strong><em>εἰς</em></strong></span> <span class='ocrx_word' id='word_1_84' title='bbox 439 1960 560 2041; x_wconf 78' lang='grc' dir='ltr'><strong><em>τροφὴν</em></strong></span> <span class='ocrx_word' id='word_1_85' title='bbox 579 1958 689 2021; x_wconf 81' lang='grc' dir='ltr'><strong><em>ἔλαιον</em></strong></span> <span class='ocrx_word' id='word_1_86' title='bbox 711 1957 829 2039; x_wconf 80' lang='grc' dir='ltr'><strong><em>α’ρκούν</em></strong></span> <span class='ocrx_word' id='word_1_87' title='bbox 850 1958 906 2023; x_wconf 80' lang='grc' dir='ltr'><strong><em>σύκ</em></strong></span> <span class='ocrx_word' id='word_1_88' title='bbox 928 1960 1017 2039; x_wconf 84' lang='grc' dir='ltr'><strong><em>ἔχων,</em></strong></span> 
     </span>
     <span class='ocr_line' id='line_1_14' title="bbox 280 2061 915 2146; baseline -0.002 -23"><span class='ocrx_word' id='word_1_89' title='bbox 280 2062 464 2145; x_wconf 76' lang='grc' dir='ltr'><strong><em>ἐψυγμένην</em></strong></span> <span class='ocrx_word' id='word_1_90' title='bbox 486 2061 623 2125; x_wconf 86' lang='grc' dir='ltr'><strong><em>δείκνυσι</em></strong></span> <span class='ocrx_word' id='word_1_91' title='bbox 645 2067 699 2146; x_wconf 81' lang='grc' dir='ltr'><strong><em>την</em></strong></span> <span class='ocrx_word' id='word_1_92' title='bbox 720 2062 915 2143; x_wconf 83' lang='grc' dir='ltr'><strong><em>θρυαλλίδα,</em></strong></span> 
     </span>
     <span class='ocr_line' id='line_1_15' title="bbox 281 2163 1017 2251; baseline 0 -23"><span class='ocrx_word' id='word_1_93' title='bbox 281 2163 317 2248; x_wconf 78' lang='grc' dir='ltr'><strong><em>ἧς</em></strong></span> <span class='ocrx_word' id='word_1_94' title='bbox 336 2169 379 2251; x_wconf 76' lang='grc' dir='ltr'><strong><em>τῷ</em></strong></span> <span class='ocrx_word' id='word_1_95' title='bbox 399 2171 560 2249; x_wconf 78' lang='grc' dir='ltr'><strong><em>μαρασμῷ</em></strong></span> <span class='ocrx_word' id='word_1_96' title='bbox 582 2170 637 2228; x_wconf 72' lang='grc' dir='ltr'><strong><em>καὶ</em></strong></span> <span class='ocrx_word' id='word_1_97' title='bbox 656 2168 690 2229; x_wconf 84' lang='grc' dir='ltr'><strong><em>τὸ</em></strong></span> <span class='ocrx_word' id='word_1_98' title='bbox 714 2170 766 2231; x_wconf 86' lang='grc' dir='ltr'><strong><em>τού</em></strong></span> <span class='ocrx_word' id='word_1_99' title='bbox 788 2173 893 2248; x_wconf 86' lang='grc' dir='ltr'><strong><em>φωτὸς</em></strong></span> <span class='ocrx_word' id='word_1_100' title='bbox 914 2167 1017 2241; x_wconf 82' lang='grc' dir='ltr'><strong><em>σέλας,</em></strong></span> 
     </span>
    </p>
   </div>
   <div class='ocr_carea' id='block_1_2' title="bbox 109 2267 956 2353">
    <p class='ocr_par' dir='ltr' id='par_1_4' title="bbox 109 2267 956 2353">
     <span class='ocr_line' id='line_1_16' title="bbox 109 2267 956 2353; baseline -0.007 -18"><span class='ocrx_word' id='word_1_101' title='bbox 109 2345 113 2353; x_wconf 38' lang='grc'><strong><em>,</em></strong></span> <span class='ocrx_word' id='word_1_102' title='bbox 217 2267 260 2335; x_wconf 88' lang='grc'><strong><em>65</em></strong></span> <span class='ocrx_word' id='word_1_103' title='bbox 281 2269 410 2350; x_wconf 81' lang='grc' dir='ltr'><strong><em>α’μυδρδ</em></strong></span> <span class='ocrx_word' id='word_1_104' title='bbox 434 2280 562 2352; x_wconf 81' lang='grc' dir='ltr'><strong><em>φαῖνον,</em></strong></span> <span class='ocrx_word' id='word_1_105' title='bbox 585 2268 640 2334; x_wconf 86' lang='grc' dir='ltr'><strong><em>ούκ</em></strong></span> <span class='ocrx_word' id='word_1_106' title='bbox 662 2270 725 2348; x_wconf 80' lang='grc' dir='ltr'><strong><em>ἔχει</em></strong></span> <span class='ocrx_word' id='word_1_107' title='bbox 748 2268 956 2352; x_wconf 78' lang='grc' dir='ltr'><strong><em>λαμπηδόνα·</em></strong></span> 
     </span>
    </p>
   </div>
   <div class='ocr_carea' id='block_1_3' title="bbox 218 2372 1015 2870">
    <p class='ocr_par' dir='ltr' id='par_1_5' title="bbox 218 2372 1015 2870">
     <span class='ocr_line' id='line_1_17' title="bbox 281 2372 950 2459; baseline -0.003 -23"><span class='ocrx_word' id='word_1_108' title='bbox 281 2378 474 2436; x_wconf 81' lang='grc' dir='ltr'><strong><em>συνασθενοῖ</em></strong></span> <span class='ocrx_word' id='word_1_109' title='bbox 492 2376 554 2454; x_wconf 78' lang='grc' dir='ltr'><strong><em>γάρ</em></strong></span> <span class='ocrx_word' id='word_1_110' title='bbox 577 2379 630 2434; x_wconf 77' lang='grc' dir='ltr'>καί</span> <span class='ocrx_word' id='word_1_111' title='bbox 653 2372 746 2450; x_wconf 85' lang='grc' dir='ltr'><strong><em>λόγος</em></strong></span> <span class='ocrx_word' id='word_1_112' title='bbox 767 2377 809 2458; x_wconf 78' lang='grc' dir='ltr'><strong><em>τῷ</em></strong></span> <span class='ocrx_word' id='word_1_113' title='bbox 832 2377 950 2459; x_wconf 82' lang='grc' dir='ltr'><strong><em>σαρκίφ</em></strong></span> 
     </span>
     <span class='ocr_line' id='line_1_18' title="bbox 281 2476 962 2564; baseline 0.006 -25"><span class='ocrx_word' id='word_1_114' title='bbox 281 2477 387 2559; x_wconf 80' lang='grc' dir='ltr'><strong><em>ὥσπερ</em></strong></span> <span class='ocrx_word' id='word_1_115' title='bbox 410 2478 560 2564; x_wconf 82' lang='grc' dir='ltr'><strong><em>παθούσῃ</em></strong></span> <span class='ocrx_word' id='word_1_116' title='bbox 582 2480 734 2558; x_wconf 80' lang='grc' dir='ltr'><strong><em>μουσικὸν</em></strong></span> <span class='ocrx_word' id='word_1_117' title='bbox 754 2477 849 2556; x_wconf 84' lang='grc' dir='ltr'><strong><em>μέλος</em></strong></span> <span class='ocrx_word' id='word_1_118' title='bbox 871 2476 962 2557; x_wconf 79' lang='grc' dir='ltr'><strong><em>λύρᾳ.</em></strong></span> 
     </span>
     <span class='ocr_line' id='line_1_19' title="bbox 280 2579 945 2665; baseline -0.005 -22"><span class='ocrx_word' id='word_1_119' title='bbox 280 2583 314 2643; x_wconf 88' lang='grc' dir='ltr'><strong><em>τδ</em></strong></span> <span class='ocrx_word' id='word_1_120' title='bbox 337 2582 441 2664; x_wconf 85' lang='grc' dir='ltr'><strong><em>φωτδς</em></strong></span> <span class='ocrx_word' id='word_1_121' title='bbox 462 2579 518 2646; x_wconf 87' lang='grc' dir='ltr'><strong><em>ούν</em></strong></span> <span class='ocrx_word' id='word_1_122' title='bbox 538 2603 593 2661; x_wconf 92' lang='grc' dir='ltr'><strong><em>μοι</em></strong></span> <span class='ocrx_word' id='word_1_123' title='bbox 615 2579 772 2665; x_wconf 77' lang='grc' dir='ltr'><strong><em>λείψανον</em></strong></span> <span class='ocrx_word' id='word_1_124' title='bbox 792 2584 945 2663; x_wconf 85' lang='grc' dir='ltr'><strong><em>τηρητέον,</em></strong></span> 
     </span>
     <span class='ocr_line' id='line_1_20' title="bbox 281 2682 952 2768; baseline -0.003 -20"><span class='ocrx_word' id='word_1_125' title='bbox 281 2685 345 2763; x_wconf 82' lang='grc' dir='ltr'><strong><em>μετ’</em></strong></span> <span class='ocrx_word' id='word_1_126' title='bbox 366 2684 544 2768; x_wconf 80' lang='grc' dir='ltr'><strong><em>α’σφαλείας</em></strong></span> <span class='ocrx_word' id='word_1_127' title='bbox 564 2684 657 2748; x_wconf 82' lang='grc' dir='ltr'><strong><em>ἔνδον</em></strong></span> <span class='ocrx_word' id='word_1_128' title='bbox 679 2682 869 2762; x_wconf 80' lang='grc' dir='ltr'><strong><em>έγιιλείσαντί</em></strong></span> <span class='ocrx_word' id='word_1_129' title='bbox 890 2706 952 2746; x_wconf 91' lang='grc' dir='ltr'><strong><em>που</em></strong></span> 
     </span>
     <span class='ocr_line' id='line_1_21' title="bbox 218 2787 1015 2870; baseline -0.001 -18"><span class='ocrx_word' id='word_1_130' title='bbox 218 2787 261 2855; x_wconf 74' lang='grc'><strong><em>70</em></strong></span> <span class='ocrx_word' id='word_1_131' title='bbox 282 2796 336 2852; x_wconf 74' lang='grc' dir='ltr'><strong><em>καὶ</em></strong></span> <span class='ocrx_word' id='word_1_132' title='bbox 357 2792 420 2852; x_wconf 79' lang='grc' dir='ltr'><strong><em>τῶν</em></strong></span> <span class='ocrx_word' id='word_1_133' title='bbox 442 2789 614 2869; x_wconf 83' lang='grc' dir='ltr'><strong><em>ὑπαίθρων</em></strong></span> <span class='ocrx_word' id='word_1_134' title='bbox 636 2787 826 2870; x_wconf 70' lang='grc' dir='ltr'><strong><em>πνευμάτων</em></strong></span> <span class='ocrx_word' id='word_1_135' title='bbox 847 2787 1015 2865; x_wconf 86' lang='grc' dir='ltr'><strong><em>α’πωτάτω,</em></strong></span> 
     </span>
    </p>
   </div>
   <div class='ocr_carea' id='block_1_4' title="bbox 190 2893 1066 2978">
    <p class='ocr_par' dir='ltr' id='par_1_6' title="bbox 190 2893 1066 2978">
     <span class='ocr_line' id='line_1_22' title="bbox 190 2893 1066 2978; baseline -0.001 -20"><span class='ocrx_word' id='word_1_136' title='bbox 190 2899 192 2904; x_wconf 82' lang='grc'><strong>’</strong></span> <span class='ocrx_word' id='word_1_137' title='bbox 282 2895 324 2978; x_wconf 74' lang='grc' dir='ltr'><strong><em>μη“</em></strong></span> <span class='ocrx_word' id='word_1_138' title='bbox 347 2893 509 2966; x_wconf 82' lang='grc' dir='ltr'><strong><em>παντελῶς</em></strong></span> <span class='ocrx_word' id='word_1_139' title='bbox 529 2916 584 2976; x_wconf 92' lang='grc' dir='ltr'><strong><em>μοι</em></strong></span> <span class='ocrx_word' id='word_1_140' title='bbox 606 2896 742 2971; x_wconf 76' lang='grc' dir='ltr'><strong><em>σβεσθὲν</em></strong></span> <span class='ocrx_word' id='word_1_141' title='bbox 763 2893 798 2955; x_wconf 88' lang='grc' dir='ltr'><strong><em>έν</em></strong></span> <span class='ocrx_word' id='word_1_142' title='bbox 818 2896 933 2975; x_wconf 69' lang='grc' dir='ltr'><strong><em>βραχεῖ</em></strong></span> <span class='ocrx_word' id='word_1_143' title='bbox 952 2893 1066 2957; x_wconf 85' lang='grc' dir='ltr'><strong><em>λάθοι.</em></strong></span> 
     </span>
    </p>
   </div>
   <div class='ocr_carea' id='block_1_5' title="bbox 216 2996 1041 4231">
    <p class='ocr_par' dir='ltr' id='par_1_7' title="bbox 281 2996 1013 3289">
     <span class='ocr_line' id='line_1_23' title="bbox 282 2996 969 3081; baseline -0.001 -22"><span class='ocrx_word' id='word_1_144' title='bbox 282 2997 373 3072; x_wconf 85' lang='grc' dir='ltr'><strong><em>αύτδς</em></strong></span> <span class='ocrx_word' id='word_1_145' title='bbox 396 2998 432 3061; x_wconf 74' lang='grc' dir='ltr'><strong><em>δὲ</em></strong></span> <span class='ocrx_word' id='word_1_146' title='bbox 453 2997 568 3077; x_wconf 89' lang='grc' dir='ltr'><strong><em>λύχνον</em></strong></span> <span class='ocrx_word' id='word_1_147' title='bbox 589 2996 691 3059; x_wconf 83' lang='grc' dir='ltr'><strong><em>ἄλλον</em></strong></span> <span class='ocrx_word' id='word_1_148' title='bbox 712 2996 747 3059; x_wconf 82' lang='grc' dir='ltr'><strong><em>έν</em></strong></span> <span class='ocrx_word' id='word_1_149' title='bbox 768 2999 854 3081; x_wconf 81' lang='grc' dir='ltr'><strong><em>μέσῳ</em></strong></span> <span class='ocrx_word' id='word_1_150' title='bbox 876 2999 969 3071; x_wconf 85' lang='grc' dir='ltr'><strong><em>τίθει,</em></strong></span> 
     </span>
     <span class='ocr_line' id='line_1_24' title="bbox 281 3101 947 3188; baseline -0.006 -22"><span class='ocrx_word' id='word_1_151' title='bbox 281 3103 364 3178; x_wconf 84' lang='grc' dir='ltr'><strong><em>ὅστις</em></strong></span> <span class='ocrx_word' id='word_1_152' title='bbox 384 3104 485 3188; x_wconf 77' lang='grc' dir='ltr'><strong><em>κύκλῳ</em></strong></span> <span class='ocrx_word' id='word_1_153' title='bbox 507 3105 651 3168; x_wconf 81' lang='grc' dir='ltr'><strong><em>τοσοῦτον</em></strong></span> <span class='ocrx_word' id='word_1_154' title='bbox 671 3103 830 3185; x_wconf 76' lang='grc' dir='ltr'><strong><em>ἐκπέμψω</em></strong></span> <span class='ocrx_word' id='word_1_155' title='bbox 852 3101 947 3174; x_wconf 83' lang='grc' dir='ltr'><strong><em>σέλας</em></strong></span> 
     </span>
     <span class='ocr_line' id='line_1_25' title="bbox 283 3204 1013 3289; baseline -0.005 -19"><span class='ocrx_word' id='word_1_156' title='bbox 283 3207 360 3272; x_wconf 86' lang='grc' dir='ltr'><strong><em>ὅσον</em></strong></span> <span class='ocrx_word' id='word_1_157' title='bbox 381 3205 419 3270; x_wconf 85' lang='grc' dir='ltr'><strong><em>σύ</em></strong></span> <span class='ocrx_word' id='word_1_158' title='bbox 440 3206 557 3287; x_wconf 71' lang='grc' dir='ltr'><strong><em>βούλει,</em></strong></span> <span class='ocrx_word' id='word_1_159' title='bbox 578 3211 620 3289; x_wconf 77' lang='grc' dir='ltr'><strong><em>μη</em></strong></span> <span class='ocrx_word' id='word_1_160' title='bbox 643 3204 793 3279; x_wconf 75' lang='grc' dir='ltr'><strong><em>δεδοικώς</em></strong></span> <span class='ocrx_word' id='word_1_161' title='bbox 815 3205 869 3289; x_wconf 76' lang='grc' dir='ltr'><strong><em>τήν</em></strong></span> <span class='ocrx_word' id='word_1_162' title='bbox 891 3209 1013 3284; x_wconf 90' lang='grc' dir='ltr'><strong><em>σβέσιν·</em></strong></span> 
     </span>
    </p>

    <p class='ocr_par' dir='ltr' id='par_1_8' title="bbox 217 3309 1020 3810">
     <span class='ocr_line' id='line_1_26' title="bbox 217 3309 1003 3393; baseline -0.008 -17"><span class='ocrx_word' id='word_1_163' title='bbox 217 3311 259 3379; x_wconf 77' lang='grc'><strong><em>75</em></strong></span> <span class='ocrx_word' id='word_1_164' title='bbox 281 3314 350 3375; x_wconf 84' lang='grc' dir='ltr'><strong><em>ἴσον</em></strong></span> <span class='ocrx_word' id='word_1_165' title='bbox 372 3311 472 3374; x_wconf 84' lang='grc' dir='ltr'><strong><em>κακδν</em></strong></span> <span class='ocrx_word' id='word_1_166' title='bbox 492 3312 553 3392; x_wconf 78' lang='grc' dir='ltr'><strong><em>γάρ</em></strong></span> <span class='ocrx_word' id='word_1_167' title='bbox 576 3315 646 3393; x_wconf 83' lang='grc' dir='ltr'><strong><em>φῶς</em></strong></span> <span class='ocrx_word' id='word_1_168' title='bbox 666 3333 697 3372; x_wconf 79' lang='grc' dir='ltr'><strong><em>τε</em></strong></span> <span class='ocrx_word' id='word_1_169' title='bbox 719 3309 890 3388; x_wconf 81' lang='grc' dir='ltr'><strong><em>συγκλείειν</em></strong></span> <span class='ocrx_word' id='word_1_170' title='bbox 910 3312 1003 3390; x_wconf 87' lang='grc' dir='ltr'><strong><em>μέγα,</em></strong></span> 
     </span>
     <span class='ocr_line' id='line_1_27' title="bbox 282 3412 1020 3503; baseline -0.003 -25"><span class='ocrx_word' id='word_1_171' title='bbox 282 3415 355 3503; x_wconf 75' lang='grc' dir='ltr'><strong><em>Ικαί</em></strong></span> <span class='ocrx_word' id='word_1_172' title='bbox 375 3421 489 3497; x_wconf 78' lang='grc' dir='ltr'><strong><em>μικρὸν</em></strong></span> <span class='ocrx_word' id='word_1_173' title='bbox 510 3412 606 3488; x_wconf 83' lang='grc' dir='ltr'><strong><em>αὖθις</em></strong></span> <span class='ocrx_word' id='word_1_174' title='bbox 627 3414 672 3488; x_wconf 80' lang='grc' dir='ltr'><strong><em>είς</em></strong></span> <span class='ocrx_word' id='word_1_175' title='bbox 692 3412 857 3497; x_wconf 83' lang='grc' dir='ltr'><strong><em>ὕπαιθρον</em></strong></span> <span class='ocrx_word' id='word_1_176' title='bbox 877 3414 1020 3490; x_wconf 74' lang='grc' dir='ltr'><strong><em>ἐξάγειν·</em></strong></span> 
     </span>
     <span class='ocr_line' id='line_1_28' title="bbox 280 3516 976 3603; baseline -0.004 -20"><span class='ocrx_word' id='word_1_177' title='bbox 280 3519 353 3595; x_wconf 80' lang='grc' dir='ltr'><strong><em>ἅλις</em></strong></span> <span class='ocrx_word' id='word_1_178' title='bbox 373 3521 435 3603; x_wconf 78' lang='grc' dir='ltr'><strong><em>γὰρ</em></strong></span> <span class='ocrx_word' id='word_1_179' title='bbox 457 3521 499 3581; x_wconf 76' lang='grc' dir='ltr'><strong><em>ἄν</em></strong></span> <span class='ocrx_word' id='word_1_180' title='bbox 520 3516 693 3602; x_wconf 83' lang='grc' dir='ltr'><strong><em>σύμμετρον</em></strong></span> <span class='ocrx_word' id='word_1_181' title='bbox 715 3516 846 3597; x_wconf 80' lang='grc' dir='ltr'><strong><em>αύγάζοι</em></strong></span> <span class='ocrx_word' id='word_1_182' title='bbox 867 3521 976 3595; x_wconf 87' lang='grc' dir='ltr'><strong><em>τύπον,</em></strong></span> 
     </span>
     <span class='ocr_line' id='line_1_29' title="bbox 280 3622 939 3712; baseline -0.005 -24"><span class='ocrx_word' id='word_1_183' title='bbox 280 3624 351 3699; x_wconf 77' lang='grc' dir='ltr'><strong><em>ἅλις</em></strong></span> <span class='ocrx_word' id='word_1_184' title='bbox 374 3624 409 3687; x_wconf 69' lang='grc' dir='ltr'><strong><em>δὲ</em></strong></span> <span class='ocrx_word' id='word_1_185' title='bbox 430 3623 508 3710; x_wconf 71' lang='grc' dir='ltr'><strong><em>(κᾶν</em></strong></span> <span class='ocrx_word' id='word_1_186' title='bbox 525 3622 574 3712; x_wconf 77' lang='grc' dir='ltr'><strong><em>ζῇ)</em></strong></span> <span class='ocrx_word' id='word_1_187' title='bbox 597 3628 651 3686; x_wconf 72' lang='grc' dir='ltr'><strong><em>καί</em></strong></span> <span class='ocrx_word' id='word_1_188' title='bbox 672 3622 833 3698; x_wconf 85' lang='grc' dir='ltr'><strong><em>διαυγείας</em></strong></span> <span class='ocrx_word' id='word_1_189' title='bbox 855 3622 939 3703; x_wconf 89' lang='grc' dir='ltr'><strong><em>δίχα.</em></strong></span> 
     </span>
     <span class='ocr_line' id='line_1_30' title="bbox 279 3727 973 3810; baseline -0.006 -16"><span class='ocrx_word' id='word_1_190' title='bbox 279 3735 353 3804; x_wconf 71' lang='grc' dir='ltr'><strong><em>ἴσως</em></strong></span> <span class='ocrx_word' id='word_1_191' title='bbox 374 3729 434 3810; x_wconf 80' lang='grc' dir='ltr'><strong><em>γάρ</em></strong></span> <span class='ocrx_word' id='word_1_192' title='bbox 456 3728 501 3801; x_wconf 79' lang='grc' dir='ltr'><strong><em>εἰς</em></strong></span> <span class='ocrx_word' id='word_1_193' title='bbox 521 3728 664 3809; x_wconf 81' lang='grc' dir='ltr'><strong><em>ἔναυσμα</em></strong></span> <span class='ocrx_word' id='word_1_194' title='bbox 687 3727 843 3808; x_wconf 77' lang='grc' dir='ltr'><strong><em>συμβάλοι</em></strong></span> <span class='ocrx_word' id='word_1_195' title='bbox 864 3727 973 3802; x_wconf 88' lang='grc' dir='ltr'><strong><em>τόπου,</em></strong></span> 
     </span>
    </p>

    <p class='ocr_par' dir='ltr' id='par_1_9' title="bbox 216 3830 1041 4231">
     <span class='ocr_line' id='line_1_31' title="bbox 216 3830 1041 3915; baseline -0.008 -15"><span class='ocrx_word' id='word_1_196' title='bbox 216 3833 258 3900; x_wconf 85' lang='grc'><strong><em>80</em></strong></span> <span class='ocrx_word' id='word_1_197' title='bbox 281 3836 342 3896; x_wconf 80' lang='grc' dir='ltr'><strong><em>κάν</em></strong></span> <span class='ocrx_word' id='word_1_198' title='bbox 364 3830 439 3898; x_wconf 84' lang='grc' dir='ltr'><strong><em>αύτδ</em></strong></span> <span class='ocrx_word' id='word_1_199' title='bbox 458 3831 558 3915; x_wconf 76' lang='grc' dir='ltr'><strong><em>μηδὲν</em></strong></span> <span class='ocrx_word' id='word_1_200' title='bbox 580 3834 660 3914; x_wconf 78' lang='grc' dir='ltr'><strong><em>πρὸς</em></strong></span> <span class='ocrx_word' id='word_1_201' title='bbox 679 3833 713 3895; x_wconf 88' lang='grc' dir='ltr'><strong><em>τδ</em></strong></span> <span class='ocrx_word' id='word_1_202' title='bbox 735 3834 793 3896; x_wconf 81' lang='grc' dir='ltr'><strong><em>νύν</em></strong></span> <span class='ocrx_word' id='word_1_203' title='bbox 815 3835 944 3913; x_wconf 85' lang='grc' dir='ltr'><strong><em>φαίνειν</em></strong></span> <span class='ocrx_word' id='word_1_204' title='bbox 965 3831 1041 3911; x_wconf 83' lang='grc' dir='ltr'><strong><em>ἔχοι,</em></strong></span> 
     </span>
     <span class='ocr_line' id='line_1_32' title="bbox 280 3932 936 4020; baseline -0.002 -20"><span class='ocrx_word' id='word_1_205' title='bbox 280 3933 323 4011; x_wconf 82' lang='grc' dir='ltr'><strong><em>ὦς</em></strong></span> <span class='ocrx_word' id='word_1_206' title='bbox 345 3935 363 4020; x_wconf 74' lang='grc' dir='ltr'><em>ἢ</em></span> <span class='ocrx_word' id='word_1_207' title='bbox 386 3937 464 3998; x_wconf 84' lang='grc' dir='ltr'><strong><em>καθ’</em></strong></span> <span class='ocrx_word' id='word_1_208' title='bbox 488 3932 571 4018; x_wconf 73' lang='grc' dir='ltr'><strong><em>ημᾶς</em></strong></span> <span class='ocrx_word' id='word_1_209' title='bbox 592 3933 807 4017; x_wconf 80' lang='grc' dir='ltr'><strong><em>ἀδρανεστοὶτη</em></strong></span> <span class='ocrx_word' id='word_1_210' title='bbox 828 3933 936 4016; x_wconf 80' lang='grc' dir='ltr'><strong><em>φάσις.</em></strong></span> 
     </span>
     <span class='ocr_line' id='line_1_33' title="bbox 276 4035 1002 4120; baseline -0.006 -16"><span class='ocrx_word' id='word_1_211' title='bbox 276 4044 358 4116; x_wconf 78' lang='grc' dir='ltr'><strong><em>,πῶς</em></strong></span> <span class='ocrx_word' id='word_1_212' title='bbox 379 4037 436 4105; x_wconf 89' lang='grc' dir='ltr'><strong><em>ούν</em></strong></span> <span class='ocrx_word' id='word_1_213' title='bbox 455 4054 490 4102; x_wconf 81' lang='grc' dir='ltr'><strong><em>σε</em></strong></span> <span class='ocrx_word' id='word_1_214' title='bbox 511 4037 593 4114; x_wconf 88' lang='grc' dir='ltr'><strong><em>δδξα</em></strong></span> <span class='ocrx_word' id='word_1_215' title='bbox 615 4041 695 4119; x_wconf 81' lang='grc' dir='ltr'><strong><em>πρὸς</em></strong></span> <span class='ocrx_word' id='word_1_216' title='bbox 715 4040 860 4118; x_wconf 88' lang='grc' dir='ltr'><strong><em>μέγιστον</em></strong></span> <span class='ocrx_word' id='word_1_217' title='bbox 881 4035 1002 4120; x_wconf 82' lang='grc' dir='ltr'><strong><em>έξάροι,</em></strong></span> 
     </span>
     <span class='ocr_line' id='line_1_34' title="bbox 278 4140 937 4231; baseline -0.009 -22"><span class='ocrx_word' id='word_1_218' title='bbox 278 4143 334 4209; x_wconf 83' lang='grc' dir='ltr'><strong><em>ούιι</em></strong></span> <span class='ocrx_word' id='word_1_219' title='bbox 355 4140 524 4206; x_wconf 86' lang='grc' dir='ltr'><strong><em>ένδιδόντα</em></strong></span> <span class='ocrx_word' id='word_1_220' title='bbox 545 4148 580 4231; x_wconf 78' lang='grc' dir='ltr'><strong><em>τῇ</em></strong></span> <span class='ocrx_word' id='word_1_221' title='bbox 604 4145 693 4225; x_wconf 81' lang='grc' dir='ltr'><strong><em>φορᾷ</em></strong></span> <span class='ocrx_word' id='word_1_222' title='bbox 714 4145 767 4226; x_wconf 77' lang='grc' dir='ltr'><strong><em>τῆς</em></strong></span> <span class='ocrx_word' id='word_1_223' title='bbox 788 4140 937 4226; x_wconf 70' lang='grc' dir='ltr'><strong><em>ἢμέραςς*</em></strong></span> 
     </span>
    </p>
   </div>
   <div class='ocr_carea' id='block_1_6' title="bbox 276 4244 1080 4330">
    <p class='ocr_par' dir='ltr' id='par_1_10' title="bbox 276 4244 1080 4330">
     <span class='ocr_line' id='line_1_35' title="bbox 276 4244 1080 4330; baseline -0.001 -20"><span class='ocrx_word' id='word_1_224' title='bbox 276 4251 354 4330; x_wconf 86' lang='grc' dir='ltr'><strong><em>μέν’,</em></strong></span> <span class='ocrx_word' id='word_1_225' title='bbox 375 4245 401 4310; x_wconf 78' lang='grc' dir='ltr'><em>ὦ</em></span> <span class='ocrx_word' id='word_1_226' title='bbox 423 4245 608 4328; x_wconf 79' lang='grc' dir='ltr'><strong><em>ταλαίπωρ’,</em></strong></span> <span class='ocrx_word' id='word_1_227' title='bbox 630 4244 769 4328; x_wconf 85' lang='grc' dir='ltr'><strong><em>α’τρέμας</em></strong></span> <span class='ocrx_word' id='word_1_228' title='bbox 792 4256 858 4320; x_wconf 76' lang='grc' dir='ltr'><strong><em>σοτς</em></strong></span> <span class='ocrx_word' id='word_1_229' title='bbox 879 4246 915 4309; x_wconf 83' lang='grc' dir='ltr'><strong><em>έν</em></strong></span> <span class='ocrx_word' id='word_1_230' title='bbox 936 4247 1080 4329; x_wconf 88' lang='grc' dir='ltr'><strong><em>τρύποις·</em></strong></span> 
     </span>
    </p>
   </div>
   <div class='ocr_carea' id='block_1_7' title="bbox 212 4345 1053 4954">
    <p class='ocr_par' dir='ltr' id='par_1_11' title="bbox 214 4345 1053 4855">
     <span class='ocr_line' id='line_1_36' title="bbox 214 4345 988 4434; baseline -0.006 -15"><span class='ocrx_word' id='word_1_231' title='bbox 214 4351 256 4419; x_wconf 88' lang='grc'><strong><em>85</em></strong></span> <span class='ocrx_word' id='word_1_232' title='bbox 278 4351 358 4434; x_wconf 80' lang='grc' dir='ltr'><strong><em>δρᾷς</em></strong></span> <span class='ocrx_word' id='word_1_233' title='bbox 378 4353 439 4431; x_wconf 75' lang='grc' dir='ltr'><strong><em>γὰρ</em></strong></span> <span class='ocrx_word' id='word_1_234' title='bbox 463 4349 556 4414; x_wconf 80' lang='grc' dir='ltr'><strong><em>οὐδὲν</em></strong></span> <span class='ocrx_word' id='word_1_235' title='bbox 578 4345 624 4412; x_wconf 78' lang='grc' dir='ltr'><strong><em>ὦν</em></strong></span> <span class='ocrx_word' id='word_1_236' title='bbox 647 4349 779 4430; x_wconf 86' lang='grc' dir='ltr'><strong><em>νομίζεις</em></strong></span> <span class='ocrx_word' id='word_1_237' title='bbox 800 4349 988 4431; x_wconf 84' lang='grc' dir='ltr'><strong><em>φασμάτων.</em></strong></span> 
     </span>
     <span class='ocr_line' id='line_1_37' title="bbox 276 4452 1035 4539; baseline 0 -20"><span class='ocrx_word' id='word_1_238' title='bbox 276 4455 354 4521; x_wconf 80' lang='grc' dir='ltr'><strong><em>ούτω</em></strong></span> <span class='ocrx_word' id='word_1_239' title='bbox 377 4455 414 4518; x_wconf 93' lang='grc' dir='ltr'><strong><em>δέ</em></strong></span> <span class='ocrx_word' id='word_1_240' title='bbox 434 4477 490 4533; x_wconf 94' lang='grc' dir='ltr'><strong><em>μοι</em></strong></span> <span class='ocrx_word' id='word_1_241' title='bbox 512 4454 681 4539; x_wconf 92' lang='grc' dir='ltr'><strong><em>σκόπησον,</em></strong></span> <span class='ocrx_word' id='word_1_242' title='bbox 704 4452 746 4527; x_wconf 77' lang='grc' dir='ltr'><strong><em>ὥς</em></strong></span> <span class='ocrx_word' id='word_1_243' title='bbox 768 4458 882 4536; x_wconf 76' lang='grc' dir='ltr'><strong><em>σαφῶς</em></strong></span> <span class='ocrx_word' id='word_1_244' title='bbox 902 4455 1035 4536; x_wconf 85' lang='grc' dir='ltr'><strong><em>μάθοις.</em></strong></span> 
     </span>
     <span class='ocr_line' id='line_1_38' title="bbox 274 4556 1053 4644; baseline -0.003 -20"><span class='ocrx_word' id='word_1_245' title='bbox 274 4564 303 4624; x_wconf 88' lang='grc' dir='ltr'><strong><em>τί</em></strong></span> <span class='ocrx_word' id='word_1_246' title='bbox 325 4560 426 4636; x_wconf 84' lang='grc' dir='ltr'><strong><em>δόξαν</em></strong></span> <span class='ocrx_word' id='word_1_247' title='bbox 447 4560 557 4637; x_wconf 66' lang='grc' dir='ltr'><strong><em>εἶπας,</em></strong></span> <span class='ocrx_word' id='word_1_248' title='bbox 579 4557 647 4639; x_wconf 69' lang='grc' dir='ltr'><strong><em>οὐχ)</em></strong></span> <span class='ocrx_word' id='word_1_249' title='bbox 669 4559 725 4641; x_wconf 78' lang='grc' dir='ltr'><strong><em>την</em></strong></span> <span class='ocrx_word' id='word_1_250' title='bbox 746 4556 894 4640; x_wconf 72' lang='grc' dir='ltr'><strong><em>πλήθους</em></strong></span> <span class='ocrx_word' id='word_1_251' title='bbox 916 4558 1053 4644; x_wconf 88' lang='grc' dir='ltr'><strong><em>πλάνην,</em></strong></span> 
     </span>
     <span class='ocr_line' id='line_1_39' title="bbox 275 4660 1027 4747; baseline 0.001 -21"><span class='ocrx_word' id='word_1_252' title='bbox 275 4663 314 4747; x_wconf 79' lang='grc' dir='ltr'><strong><em>ἢν</em></strong></span> <span class='ocrx_word' id='word_1_253' title='bbox 336 4669 389 4725; x_wconf 71' lang='grc' dir='ltr'><strong><em>καὶ</em></strong></span> <span class='ocrx_word' id='word_1_254' title='bbox 410 4661 593 4725; x_wconf 82' lang='grc' dir='ltr'><strong><em>πλανῶνται</em></strong></span> <span class='ocrx_word' id='word_1_255' title='bbox 617 4665 671 4722; x_wconf 68' lang='grc' dir='ltr'><strong><em>καὶ</em></strong></span> <span class='ocrx_word' id='word_1_256' title='bbox 692 4660 858 4724; x_wconf 70' lang='grc' dir='ltr'><strong><em>πλανοῖσιν</em></strong></span> <span class='ocrx_word' id='word_1_257' title='bbox 879 4662 915 4737; x_wconf 70' lang='grc' dir='ltr'><strong><em>ἐξ</em></strong></span> <span class='ocrx_word' id='word_1_258' title='bbox 937 4665 1027 4744; x_wconf 75' lang='grc' dir='ltr'><strong><em>ἴσους</em></strong></span> 
     </span>
     <span class='ocr_line' id='line_1_40' title="bbox 276 4763 1012 4855; baseline -0.003 -24"><span class='ocrx_word' id='word_1_259' title='bbox 276 4766 369 4832; x_wconf 71' lang='grc' dir='ltr'><strong><em>οὐδὲν</em></strong></span> <span class='ocrx_word' id='word_1_260' title='bbox 391 4768 470 4849; x_wconf 80' lang='grc' dir='ltr'><strong><em>πρὸς</em></strong></span> <span class='ocrx_word' id='word_1_261' title='bbox 491 4763 574 4848; x_wconf 75' lang='grc' dir='ltr'><strong><em>ἡμᾶς</em></strong></span> <span class='ocrx_word' id='word_1_262' title='bbox 595 4768 684 4830; x_wconf 87' lang='grc' dir='ltr'><strong><em>τούτο</em></strong></span> <span class='ocrx_word' id='word_1_263' title='bbox 705 4767 774 4839; x_wconf 86' lang='grc' dir='ltr'><strong><em>τοὺς</em></strong></span> <span class='ocrx_word' id='word_1_264' title='bbox 795 4765 1012 4855; x_wconf 65' lang='grc' dir='ltr'><strong><em>ᾐσθημένους·</em></strong></span> 
     </span>
    </p>

    <p class='ocr_par' dir='ltr' id='par_1_12' title="bbox 212 4869 952 4954">
     <span class='ocr_line' id='line_1_41' title="bbox 212 4869 952 4954; baseline -0.005 -16"><span class='ocrx_word' id='word_1_265' title='bbox 212 4871 256 4939; x_wconf 86' lang='grc'><strong><em>90</em></strong></span> <span class='ocrx_word' id='word_1_266' title='bbox 276 4871 380 4935; x_wconf 86' lang='grc' dir='ltr'><strong><em>πάλαι</em></strong></span> <span class='ocrx_word' id='word_1_267' title='bbox 402 4877 463 4953; x_wconf 83' lang='grc' dir='ltr'><strong><em>γὰρ</em></strong></span> <span class='ocrx_word' id='word_1_268' title='bbox 485 4872 574 4951; x_wconf 81' lang='grc' dir='ltr'><strong><em>ἴσμεν</em></strong></span> <span class='ocrx_word' id='word_1_269' title='bbox 594 4872 638 4944; x_wconf 89' lang='grc' dir='ltr'><strong><em>τίς</em></strong></span> <span class='ocrx_word' id='word_1_270' title='bbox 658 4873 718 4951; x_wconf 77' lang='grc' dir='ltr'><strong><em>μὲν</em></strong></span> <span class='ocrx_word' id='word_1_271' title='bbox 739 4869 952 4954; x_wconf 81' lang='grc' dir='ltr'><strong><em>α’κριβεστάτη,</em></strong></span> 
     </span>
    </p>
   </div>
   <div class='ocr_carea' id='block_1_8' title="bbox 1574 1538 1782 1677">
    <p class='ocr_par' dir='ltr' id='par_1_13' title="bbox 1574 1538 1782 1677">
     <span class='ocr_line' id='line_1_42' title="bbox 1574 1538 1782 1605; baseline 0.014 -15"><span class='ocrx_word' id='word_1_272' title='bbox 1574 1542 1604 1605; x_wconf 83' lang='lat'><strong><em>58</em></strong></span> <span class='ocrx_word' id='word_1_273' title='bbox 1622 1538 1782 1593; x_wconf 74' lang='lat' dir='ltr'><strong>Matthaeus</strong></span> 
     </span>
     <span class='ocr_line' id='line_1_43' title="bbox 1622 1628 1693 1677; baseline -0.014 0"><span class='ocrx_word' id='word_1_274' title='bbox 1622 1628 1645 1677; x_wconf 71' lang='lat'><strong><em>52</em></strong></span> <span class='ocrx_word' id='word_1_275' title='bbox 1667 1628 1693 1676; x_wconf 76' lang='grc' dir='ltr'><strong><em>Ι5</em></strong></span> 
     </span>
    </p>
   </div>
   <div class='ocr_carea' id='block_1_9' title="bbox 0 0 2288 6164">
    <p class='ocr_par' dir='ltr' id='par_1_14' title="bbox 0 0 2288 6164">
     <span class='ocr_line' id='line_1_44' title="bbox 0 0 2288 6164; baseline 0 0"><span class='ocrx_word' id='word_1_276' title='bbox 0 0 2288 6164; x_wconf 95' lang='lat' dir='ltr'><strong><em> </em></strong></span> 
     </span>
    </p>
   </div>
  </div>
 </body>
</html>
