4560 6172
518 494 580 559 158
2013 500 2096 567 188

516 674 572 731 νῦν
595 663 721 742 άγγελοι
743 667 916 744 χαίρουσιν,
947 662 1173 741 ἀναβαίνοντες
1195 672 1247 728 καλ
1270 671 1510 746 καταβαίνοντες
1539 669 1594 732 ἐπί
1615 691 1646 730 τε
1668 669 1723 730 τόν
1744 666 1815 730 υίδν
1836 672 1891 731 τοῦ
1912 666 2096 749 άνθροίπου

517 775 569 833 καί
591 772 645 852 τήν
666 773 782 852 μητέρα
812 770 866 848 τήν
888 761 1116 848 άνθρωπονθῧ,
1140 775 1192 831 καὶ
1221 775 1277 854 τήν
1299 779 1361 834 τῶν
1384 772 1495 833 πυλών
1517 771 1615 844 αὐθις
1637 774 1789 850 ἔπαρσινΖ
1814 770 1966 854 άλλήλαις
1988 773 2097 836 διακε-

517 875 676 948 λεύονται,
712 872 788 951 οὐχί
811 873 838 955 ἱοἳ
868 875 901 933 τό
931 873 1027 953 πρῐνδ
1056 873 1250 955 ἀποροῦντες
1280 883 1332 935 καλ
1363 874 1615 961 πυνθανόΙμενοι
1642 879 1697 946 Τίς
1719 875 1801 937 ἐστιν
1822 872 1949 950 οὐτοςδ
2015 880 2094 944 218¹

515 980 662 1058 βασιλεδς
684 982 735 1058 τῆς
758 976 868 1059 δόξηςς
892 975 951 1058 ήδη
972 978 1033 1057 γάρ
1055 979 1202 1060 ἐγνοίσθη
1225 977 1402 1052 κάκείνυιςο
1427 981 1579 1060 ἐμφανῶς
1603 978 1657 1040 διδ
1679 979 1798 1062 ταύτης,
1823 978 1869 1044 ὐτι
1890 978 1908 1043 ό
1932 983 2094 1059 καταβάςἁ

517 1093 592 1168 πρὶν
613 1087 747 1159 ἐκεῖθεν,
770 1079 865 1153 αὐτὸς
885 1079 1004 1152 ἐκεῖνός
1024 1081 1130 1143 ἐστινθ
1152 1089 1205 1142 καί
1228 1081 1245 1146 ὁ
1269 1081 1396 1162 α’ναβὰς
1418 1084 1519 1146 πάλιν
1540 1082 1685 1163 ὕστερον·
1708 1081 1780 1144 ἀλλ’
1802 1082 1836 1158 ἐξ
1859 1082 1989 1164 ε’τέραςί
2008 1085 2094 1148 ἄλλα

517 1195 642 1275 γραφῆς
663 1192 739 1269 μετὰ
762 1191 813 1269 τῆς
836 1182 948 1264 ὁμοίας
969 1184 1141 1264 ἐρωτῶντες
1156 1186 1334 1270 ἐκπλήξεως
1358 1191 1413 1261 Τίς
1433 1187 1509 1270 αὐτη
1531 1185 1549 1269 ἦ
1569 1186 1787 1250 ἐκκόπτουσαί
1800 1185 1843 1259 ὡς
1858 1189 1988 1270 ὄρθρος,
2012 1191 2091 1272 καλή

518 1296 560 1370 ὠς
581 1294 597 1377 ῆ
621 1293 744 1376 σελήνη,
768 1291 892 1373 έκλεκτή
915 1288 957 1362 τός
979 1288 996 1351 ό
1020 1288 1124 1371 η’λιοςς
1158 1289 1186 1328 ⁵⁵
1198 1295 1254 1356 νῦν
1276 1290 1337 1372 α’ήρ
1360 1291 1521 1366 ἁγιάζεται
1543 1295 1579 1377 τῆ
1602 1294 1664 1352 τῶν
1687 1288 1785 1364 ἁγίων
1810 1289 1920 1376 άνόδῳ
1943 1299 1996 1354 καλ
2012 1301 2092 1375 φωτί

518 1406 597 1484 ξένῳ
620 1400 745 1478 σύμπας
767 1405 992 1478 φρυκτωρείται
1015 1398 1068 1455 καί
1090 1395 1336 1475 καταλάμπεται.
1373 1401 1430 1462 νῦν
1459 1394 1589 1476 οὐρανοὶ
1610 1397 1789 1473 σκιρτῶντες
1811 1392 2009 1472 α’νοίγονται,
2040 1404 2092 1458 καὶ

519 1508 600 1567 θεοῦ
626 1501 770 1582 βασίλεια
793 1499 914 1578 δέχεται
937 1504 1113 1576 περιχαρῶς
1134 1502 1188 1580 τήν
1209 1499 1405 1577 βασίλισσαν.
1440 1505 1496 1565 νῦν
1526 1498 1606 1579 ὁμοῦ
1637 1498 1673 1559 τά
1697 1498 1765 1559 άνω
1794 1505 1846 1558 καὶ
1870 1500 1953 1561 κάτω
1975 1500 2093 1580 ἐμμελῆ

521 1609 588 1673 τινά
611 1606 760 1688 χορείανλ
781 1604 900 1684 χορεύει
920 1609 973 1663 καί
997 1605 1229 1683 παναρμόνιον,
1263 1609 1314 1664 καὶ
1339 1605 1512 1686 πανήγυρίς
1532 1626 1576 1676 τις
1597 1598 1808 1677 τταγκόσμιοςἰ
1831 1606 2017 1678 συγκινοῦσα
2040 1607 2094 1685 τήν

522 1717 616 1776 κτίσιν
638 1711 683 1784 είς
703 1705 902 1792 εὐφροσύνην
924 1706 942 1785 η’
966 1709 1112 1786 παροῦσα
1136 1711 1329 1790 καθέστηκεν
1352 1707 1452 1790 ήμέρα
1474 1711 1526 1790 τῆς
1551 1703 1751 1785 θεσμήτορος.

607 1814 802 1876 5ΗἘπαινοί
833 1819 912 1892 πρὸς
942 1821 1005 1881 τοῖς
1033 1810 1143 1882 ἄλλοις
1172 1817 1225 1871 καὶ
1253 1815 1308 1875 τόν
1337 1816 1459 1893 καιρόν.
1493 1817 1528 1896 τῆ
1558 1810 1619 1889 γδρ
1647 1809 1721 1876 μεθ’
1744 1802 1833 1888 ήμῶν
1854 1814 1906 1891 τῆς
1928 1810 2094 1894 δεσποίνης

518 1921 703 2008 άναστροφῆ
726 1922 779 1978 καὶ
800 1915 849 1979 τὸ1
871 1915 937 1987 ἔτος
960 1914 1017 1997 ήδη
1040 1915 1295 1996 συναπολήγειω,
1327 1915 1431 1996 ὥσπερ
1462 1924 1537 1996 πρὶν
1558 1914 1602 1986 είς
1632 1920 1685 1974 τόν
1714 1911 1833 1989 κόσμον
1861 1913 2013 2004 ἐρχομένη
2037 1915 2091 1978 διά

517 2027 687 2106 γεννήσεως
710 2018 921 2102 συνεισῆλθε“
942 2021 996 2079 καὶ
1017 2017 1235 2100 συνδιήγαγεν,
1269 2019 1349 2082 οὕτω
1380 2020 1481 2082 πάλιν
1500 2021 1649 2082 ἐντεῦθεν
1671 2016 1808 2104 α’πιοόση
1831 2018 2007 2094 συναπιόν,
2038 2024 2092 2081 ίνα

518 2135 571 2194 καί
593 2125 678 2216 αὐΙτδ
699 2125 754 2209 τήν
775 2123 997 2205 προσήκουσαν
1018 2121 1204 2210 ἐκπληροίση
1226 2123 1435 2205 δορυφορίαν,
1457 2135 1521 2196 τοϊς
1542 2127 1593 2205 τῆς
1614 2121 1777 2200 βασιλίδος
1799 2126 1948 2203 κινήμασι
2015 2126 2094 2190 218²

518 2235 670 2299 δουλεῦον
701 2234 755 2291 καλ
784 2226 1017 2308 παρεπόμενον,
1052 2230 1122 2288 νυνί
1149 2226 1185 2289 δέ
1213 2232 1267 2289 καλ
1296 2227 1386 2308 δῶρα
1416 2230 1566 2308 προσάγει
1593 2230 1654 2288 ταῖν
1684 2224 1797 2289 ἑαυτοῦ
1827 2227 1863 2288 τά
1894 2229 2016 2307 κρείττω
2039 2236 2092 2289 καί

516 2338 699 2410 τελεώτατα,
721 2329 797 2413 μεθ’
818 2325 861 2391 ὧν
882 2339 995 2410 χαίηυν
1016 2333 1190 2410 χαίρουσαν
1212 2336 1394 2412 προπέμπει
1416 2337 1469 2392 καλ
1491 2333 1727 2409 συναπέρχεται.
1773 2329 1935 2411 57ήδιστον
1954 2336 2013 2410 μὲν
2035 2334 2093 2412 εἀρ

515 2445 550 2506 ἐν
572 2440 670 2521 ὥραις
691 2439 750 2523 (τίς
771 2433 912 2497 α’ντείποι
933 2431 1064 2521 λόγΙιΙος
1084 2438 1128 2518 τῷ
1149 2434 1234 2519 λόγῳ
1240 2436 1266 2518 3)
1288 2439 1341 2497 καί
1363 2435 1488 2519 ποικίλη
1509 2436 1601 2515 χάρις
1622 2431 1755 2495 άνθέων
1777 2439 1830 2495 καλ
1852 2432 1962 2517 άπαλῆ
1984 2441 2092 2517 φυτῶν

517 2545 635 2626 βλάστη
658 2546 711 2605 καί
732 2538 886 2621 ὥραιότης
907 2535 1006 2618 δγροῦ
1028 2543 1082 2600 καί
1102 2537 1281 2618 χλοάζουσα
1303 2539 1370 2602 πόα
1397 2544 1450 2601 καί
1472 2539 1652 2610 καλδνταίς
1665 2535 1820 2618 άροόραις
1835 2539 2092 2617 ἐπικυματίζοντα

519 2650 603 2735 λήια,
627 2646 687 2733 ῆδὺ
707 2644 743 2707 δὲ
765 2647 817 2705 καλ
840 2641 953 2720 στάχυς
972 2645 1152 2724 παρρησίαν
1175 2643 1246 2724 άρτι
1267 2642 1443 2724 λαμβάνων
1465 2647 1518 2704 καὶ
1540 2642 1730 2723 προκόπτων
1750 2641 1794 2712 τίς
1817 2647 1887 2723 φαίς
1906 2641 1957 2706 οία
1973 2647 2093 2724 βρέφος

516 2752 637 2830 εὐγενές
657 2773 688 2812 τε
712 2752 766 2809 καλ
786 2745 898 2827 χάριεν
919 2744 961 2818 τός
980 2743 1016 2807 ἐκ
1037 2747 1155 2829 μήτρας
1177 2751 1229 2829 τῆς
1250 2747 1404 2823 κάλυκος,
1433 2751 1487 2809 καλ
1507 2746 1639 2827 βότρυςο
1661 2745 1932 2827 ἐπαγγελλόμενος
1953 2753 2006 2809 καὶ
2029 2759 2093 2822 τοῖς

518 2859 679 2938 δροσεροίς
690 2854 733 2917 ἐτι
744 2850 875 2936 φύλλοις
889 2847 1138 2914 ὐπαναστέλλειν
1152 2849 1335 2932 α’ρχόμενος,
1352 2852 1434 2915 καλά
1447 2852 1482 2914 δὲ
1493 2856 1547 2913 καί
1560 2847 1681 2913 τᾶλλαλ
1692 2852 1770 2911 καθ’
1781 2848 1852 2932 ἑξῆς
1862 2853 1923 2912 τοίν
1935 2851 2092 2933 όιραίωνε,

518 2961 564 3035 είς
587 2959 602 3043 ῆ
627 2959 696 3039 ὥρα
717 2962 824 3039 τρυφᾷ
846 2961 900 3019 καί
921 2967 989 3031 ταῖς
1010 2956 1133 3019 ἐλπίσιν
1154 2955 1317 3039 εὐφραίνει
1339 2958 1393 3019 τύν
1410 2959 1529 3038 θεατήν
1550 2954 1705 3034 γεωργόν·
1728 2953 1809 3018 πολύ
1831 2954 1917 3019 δ’ἐτι
1942 2956 2093 3020 κάλλιονῐ

517 3064 536 3148 ῆ
559 3064 689 3127 πάντων
710 3060 894 3144 τελεσφορία
917 3063 970 3122 καλ
992 3067 1024 3122 τὸ
1047 3065 1126 3141 πρός
1147 3060 1343 3144 ἐκπλήρωσιν
1365 3061 1477 3141 ὐργουι
1493 3062 1548 3142 τήν
1560 3060 1753 3136 ἐπαγγελίαν
1767 3059 1889 3135 ἐλθεῖν,
1912 3059 1990 3143 ὅπερ
2006 3059 2094 3135 οὗτος

518 3167 593 3253 ήμίν
616 3165 632 3229 ὁ
656 3166 765 3247 καιρδς
786 3168 842 3230 νῦν
866 3163 1031 3246 χαρίζεται.
1076 3163 1186 3228 ὗδνύν*
1216 3168 1277 3245 γάρ
1306 3162 1340 3226 αλ
1368 3167 1428 3243 μὲν
1457 3163 1648 3246 ὐποθῆκαι“
1669 3168 1723 3226 τὸν
1746 3174 1841 3240 σῖτον,
1872 3165 1903 3229 οἷ
1925 3166 2033 3249 ληνοὶ*
2055 3167 2091 3229 δὲ

517 3275 570 3336 τὸν
593 3271 690 3343 οίνον,
715 3272 766 3328 καλ
787 3271 842 3350 τήν
866 3269 870 3354 Ι
895 3269 997 3352 ἄλλην
1017 3271 1072 3331 τοῦ
1093 3269 1179 3340 ἔτους
1199 3266 1361 3352 εὐετηρίαν
1383 3267 1400 3331 δ
1423 3269 1592 3351 προσήκων
1613 3269 1734 3349 δέχεται
1756 3273 1866 3343 τόπος,
1898 3276 1949 3331 καί
2014 3273 2093 3336 219¹

518 3376 574 3443 οὐκ
596 3377 665 3439 ἐπ’
686 3372 960 3456 προσδοκωμένην,
994 3369 1065 3434 ἄλλ’
1085 3371 1129 3446 είς
1150 3381 1257 3452 χείρας
1279 3371 1338 3456 ήδη
1360 3378 1609 3457 κατερχομιίνηνι
1631 3378 1685 3436 καὶ
1712 3376 1746 3437 τδ
1777 3380 1840 3436 τοίν
1862 3373 2004 3437 ἐλπίδων
2013 3373 2090 3481 μ’μ-

517 3480 652 3564 φίβολυν
674 3475 818 3558 άσφαλεί
836 3476 916 3539 τέλει
938 3479 1219 3559 κρίνουσαν.ινύν1
1241 3477 1321 3554 ἐμοῦ
1342 3481 1395 3538 καὶ
1417 3475 1433 3539 δ
1457 3481 1588 3559 σπείρας
1609 3483 1724 3562 χαίρει,
1748 3481 1889 3561 θερίσας,
1912 3485 1965 3540 καί
1988 3478 2005 3542 ό
2029 3502 2093 3561 φυ-

517 3587 626 3657 τεόσας
647 3577 861 3661 εὐφραίνεται,
881 3581 952 3654 τούς
973 3580 1114 3660 καρπούς
1134 3583 1197 3643 τῶν
1218 3581 1329 3642 πόνων
1351 3579 1564 3664 δρεψάμενος.
1594 3584 1628 3646 ιδ
1652 3584 1757 3664 κύριος
1778 3582 1876 3647 ἔδωκε
1895 3584 2091 3667 χρηστότητα,

517 3695 570 3752 καὶ
592 3686 610 3771 ῆ
632 3692 670 3768 γῆ
693 3682 782 3769 ῆμαῖν
804 3683 863 3770 ήδη
884 3686 939 3748 τόν
959 3688 1085 3765 καρπὸν
1107 3682 1199 3765 αὐτῆς
1221 3683 1410 3767 ὁλοκλήρως,
1433 3686 1462 3746 εί
1478 3687 1523 3769 μή
1543 3700 1592 3749 w
1615 3710 1676 3751 που
1699 3691 1804 3750 τέλεον
1820 3686 2017 3770 ὑπερήμερον
2039 3691 2093 3748 καὶ

516 3792 750 3877 ἐκπρόθεσμον.
794 3788 821 3827 ⁵⁹
832 3795 884 3872 τῆς
911 3791 967 3873 γῆς
995 3788 1029 3851 δέ
1061 3793 1094 3850 τό
1124 3786 1208 3850 ἴδιον
1230 3787 1361 3862 έντελιύς
1386 3787 1581 3873 α’πεχοόσης,
1612 3795 1666 3853 καί
1703 3791 1719 3854 δ
1758 3791 1893 3872 οὐρανός
1923 3789 2092 3867 α’ναλόγως

517 3895 629 3975 τίπέχει
652 3894 684 3956 τδ
707 3893 828 3969 ἑαυτοῦ,
850 3899 904 3955 τὸν
925 3892 1083 3974 οὐράνιόν
1105 3914 1186 3974 φημι
1206 3894 1314 3957 ταῦτον
1336 3896 1503 3976 θησαυρὸν
1525 3900 1577 3955 καλ
1593 3892 1772 3976 ὐπέρτιμον,
1795 3896 1833 3958 ὃν
1848 3892 2093 3975 α’πολαμβάνων

517 4003 653 4086 σήμερον
674 4001 791 4082 γέγηθε
812 4003 866 4078 τήν
888 3993 986 4062 αὐτοῦ
1004 3997 1153 4075 γλυκεῖαν
1173 3995 1308 4072 ἐλπίδα,
1340 4003 1395 4079 τήν
1425 3996 1581 4080 εὐφορίαν
1608 4003 1660 4083 τῆς
1689 4003 1831 4075 κτίσεως,
1863 4003 1896 4063 τό
1927 4002 2008 4081 μέγα
2038 4005 2092 4064 τοῦ

516 4106 633 4187 κόσμου
654 4107 816 4184 γεοίργιον,
847 4105 900 4163 καί
923 4101 1106 4182 θησαυρίζει
1126 4107 1181 4164 τὸν
1203 4101 1341 4164 πλοῦτον
1362 4102 1399 4164 ἐν
1420 4099 1549 4177 άσύλοις
1570 4107 1707 4185 ταμείοις
1736 4109 1790 4166 καλ
1810 4103 1866 4188 τῆν
1886 4102 2094 4182 εὐδαιμονίαν

517 4220 580 4283 τοῖς
603 4210 688 4286 άγαν
710 4203 888 4278 ἐνδυτάτοις
908 4204 1151 4280 ἐναποτίθεται,
1184 4205 1363 4283 ἐκλεγεῒσαν
1383 4211 1443 4287 μὲν
1465 4208 1510 4283 είς
1531 4212 1644 4289 καιρδν
1664 4211 1741 4290 μετά
1764 4211 1818 4292 τήν
1839 4213 1892 4290 τῆς
1912 4209 2095 4288 οίκανομίας

516 4313 741 4397 συμπλήρωσιν
761 4313 815 4371 καὶ
836 4313 890 4392 τήν
912 4311 1101 4394 θαυμαστήν
1121 4306 1297 4391 ὑπουργίαν
1318 4316 1371 4375 τοῦ
1392 4316 1471 4375 κατά
1494 4316 1632 4395 Χριστὸν
1652 4317 1837 4398 μυστηρίου,
1873 4310 1916 4385 ω“ς
1937 4311 1973 4374 δὲ
1997 4317 2095 4393 θίρος

515 4416 549 4485 εὐ
569 4417 661 4500 μάλα
684 4425 759 4477 πίον
787 4417 840 4475 καὶ
861 4413 1014 4493 εὐσταχυῧ
1046 4419 1099 4475 καλ
1125 4417 1177 4496 τῆς
1206 4414 1292 4496 (δρας
1320 4416 1412 4495 ἐχονί
1434 4416 1438 4503 Ι
1462 4418 1659 4503 ἐπιτηδείως,
1693 4420 1729 4483 ἐν
1759 4421 1847 4499 θέρει
1876 4434 1949 4493 συγ-
2014 4416 2094 4483 219²

587 4579 600 4612 τ
618 4558 711 4614 Psalm
729 4575 763 4625 κγ
781 4574 796 4623 9
813 4557 816 4619 Ι
833 4575 848 4608 ο
868 4553 926 4624 οὐχ’
944 4555 990 4610 ct>
1006 4555 1010 4624 Ι
1026 4556 1040 4607 b
1060 4556 1152 4610 Ρεελω
1168 4563 1230 4626 κγ8
1247 4559 1252 4625 Ι
1268 4577 1281 4610 ο
1298 4562 1434 4612 κακιίνοισ
1451 4559 1471 4614 0
1487 4563 1491 4625 Ι
1507 4561 1526 4613 τί
1543 4561 1683 4628 Iohann3,
1695 4580 1722 4628 13
1739 4561 1744 4628 Ι
1760 4579 1773 4612 ο
1790 4558 1874 4614 tanc
1890 4561 1929 4629 {f
1945 4558 2017 4614 Cant
2027 4563 2074 4627 ⁶¹9

515 4653 533 4703 ρ
552 4632 714 4724 ίμκύπτονσα
732 4629 754 4682 Β
776 4627 781 4695 Ι
801 4629 819 4680 ίι
834 4629 933 4698 χορίαν
953 4628 977 4681 D
997 4631 1001 4693 Ι
1024 4628 1035 4680 ι’
1051 4628 1199 4697 πανήγυρις
1216 4631 1423 4701 παγκόσμιοςῦ
1444 4637 1449 4692 Ι
1465 4632 1483 4683 k
1501 4632 1590 4686 0¹¹¹Dm
1609 4633 1732 4699 περὶτοῦ
1749 4629 1845 4700 καιροῦ
1863 4630 1904 4696 τῆς
1921 4631 2067 4700 κοιμήσεως

517 4709 571 4757 lto
590 4721 635 4759 om
655 4703 678 4756 D
693 4703 699 4767 Ι
715 4718 741 4751 m
759 4699 927 4768 συναπολήγη
943 4698 967 4751 D
983 4703 989 4761 Ι
1004 4716 1022 4751 ιι
1041 4698 1152 4763 συνῆλθε
1171 4701 1194 4754 Ι)
1210 4700 1215 4770 Ι
1230 4719 1246 4754 ο
1264 4703 1386 4769 βόιροσιν
1407 4704 1429 4756 D
1451 4707 1456 4768 Ι
1473 4721 1494 4772 p
1513 4703 1531 4756 τ’
1551 4702 1618 4756 ἄλλα
1636 4704 1697 4769 CI),
1722 4702 1801 4755 τᾶλλα
1821 4704 1842 4757 Β
1859 4706 1863 4768 Ι
1879 4722 1895 4774 η
1914 4701 1999 4771 δρίαν
2018 4704 2041 4758 Ι)
2056 4709 2062 4767 Ι
2077 4721 2093 4756 r

518 4775 614 4828 κάλιον
631 4774 656 4828 D
672 4777 677 4841 Ι
692 4791 705 4825 ε
722 4773 803 4841 ἔργον
822 4771 845 4824 D
861 4772 865 4831 Ι
882 4775 892 4822 ί
907 4769 959 4841 μέν
977 4770 1033 4826 εδδ
1052 4771 1076 4826 Ι)
1092 4775 1096 4838 Ι
1113 4790 1131 4824 ιι
1150 4769 1286 4837 ἀποθῆται
1304 4775 1349 4828 OD
1365 4777 1370 4840 Ι
1386 4793 1401 4828 ο
1420 4774 1491 4826 λιναί
1510 4776 1533 4830 Ι)
1549 4777 1554 4844 Ι
1569 4791 1594 4827 τυ
1612 4775 1705 4829 τόποσ·
1725 4773 1808 4828 οὐκέτι
1826 4774 1846 4830 O
1862 4775 1868 4844 Ι
1882 4793 1901 4828 ,τ
1918 4776 2096 4847 κατεχομένην

518 4841 1810 4919 ὓΙγμὲνεδδῦΙιΡεεΙωπδιηΙατιΟ,οιαΙλΙδᾶστιιχυΒΙτέχονΟ,ἔχωκΒ
