4560 6172
563 1316 719 1385 Ἰωάννου
742 1325 796 1385 τοῦ
817 1321 993 1401 ἀγιωτάτου
1013 1325 1239 1411 μητροπολίτου
1262 1323 1433 1403 Εὖχαίτων.

211 1500 247 1565 l.
299 1497 500 1577 Πρόγραμμα
520 1493 566 1569 εἰς
585 1497 642 1577 την
662 1493 741 1577 ὅλην
762 1493 892 1574 βίβλον,

253 1602 269 1664 1
295 1590 405 1662 Πάλαι
427 1598 594 1677 διδαχθεὶς
617 1595 659 1671 ἀς
680 1598 810 1678 ἀριοιον
831 1602 899 1662 πᾶν
919 1603 1045 1680 μέτρον,

294 1703 333 1764 τά
354 1703 380 1766 ά
402 1701 487 1765 ἀλλα
509 1701 616 1764 πάντα
636 1701 801 1782 μετριάζοι,
827 1707 882 1764 καὶ
904 1702 1028 1779 λόγους.

294 1803 325 1868 ολ
346 1808 407 1886 γάρ
431 1809 564 1888 περιττοὶ
585 1807 648 1869 τῶν
670 1808 820 1885 περιττόν
841 1806 969 1881 ελκότως

293 1908 417 1998 χρηίζειν
440 1909 566 1972 δοκοῦσι
589 1909 784 1988 πραγμάτοιν
804 1933 835 1972 τε
857 1916 911 1972 καί
932 1911 1052 1988 λόγων·

252 2014 273 2077 5
294 2012 363 2093 ἐμοὶ
384 2011 420 2073 δὲ
443 2049 482 2058 -
504 2017 605 2096 μικρῷ
632 2046 673 2059 -
696 2010 890 2093 πραγμάτων
910 2015 1022 2095 μικρός
1044 2013 1152 2091 λόγος·

294 2120 348 2178 καλ
370 2118 431 2177 τῶν
455 2113 558 2192 λόγων
579 2112 636 2178 οὖν
657 2137 772 2197 μικρον
793 2112 925 2200 ἀρκείτω
947 2121 1052 2201 μέρος,

202 2301 208 2312 η
292 2222 337 2295 είς
359 2220 471 2301 δεῖγμα
493 2224 547 2281 καὶ
568 2218 730 2301 γνοίρισμα
751 2222 814 2284 τῶν
835 2221 920 2284 ὅλων
944 2222 1056 2301 λόγων,

293 2325 345 2398 οὓς
366 2325 411 2398 εἰς
433 2325 525 2386 κενόν
547 2326 685 2406 κέκμηκα
708 2321 864 2399 πολλάκις
884 2326 1031 2410 γράφων.

294 2429 337 2492 έοῖ
359 2431 419 2510 γάρ
442 2429 543 2491 εἰπεῖν
565 2425 610 2501 οίς
631 2427 812 2512 ἐχρησάμην
834 2429 949 2506 λέγων·

232 2535 273 2599 10
294 2536 338 2607 ιίς
358 2535 419 2614 γάρ
442 2536 603 2613 περισσεία
626 2555 657 2594 τε
679 2538 733 2594 καί
754 2535 782 2594 τί
803 2536 836 2596 τὸ
860 2533 959 2597 πλέον
1663 2583 1692 2617 10
1710 2565 1805 2619 50010,

293 2637 330 2700 έν
352 2641 445 2699 παντὶ
466 2637 582 2721 μόχθῳ
605 2640 648 2721 τῷ
668 2640 792 2718 βροτοῖς
813 2641 1038 2726 μοχθουμένηι,
1638 2635 1737 2691 θὶῦθῒθῡ
1757 2656 1801 2704 ῑι3

293 2743 355 2802 κάν
377 2739 482 2802 πολλοὶ
506 2740 688 2823 φυοησωσιν
709 2740 745 2803 έν
766 2745 808 2827 τῷ
831 2744 887 2806 νόν
907 2747 977 2828 βίῳ,

294 2844 435 2924 λέγοντες
456 2846 476 2927 ἢ
496 2848 674 2927 γράφοντες
694 2844 740 2917 είς
761 2843 949 2928 ἀπληστίαν,

294 2948 432 3029 ὄμβρους
454 2945 608 3031 ἀμέτρους
629 2948 786 3027 ἐκχέοντες
809 2948 966 3033 ῥημάτων,

231 3055 272 3118 15
293 3055 491 3134 βροντῶντες,
512 3050 741 3133 ἀστράπτοντες
762 3053 797 3129 ἐξ
818 3052 1002 3130 εὐγλωττίας
1008 3082 1019 3132 3

293 3155 439 3218 πλεῖστον
459 3158 519 3234 μὲν
540 3157 624 3238 ὕψος
644 3155 782 3237 ολρανοιῖ
803 3161 857 3218 καὶ
877 3160 934 3241 γη”ς
954 3160 1076 3239 βάθος,

293 3258 419 3342 πλείστη
442 3257 478 3319 δὲ
499 3255 615 3321 τούτων
636 3257 809 3340 εἰρυχωρία
830 3264 943 3342 μέσον·

293 3367 470 3426 πνείτωσαν
491 3362 535 3436 είς
557 3364 707 3444 ἀπειρον·
731 3364 883 3446 ἄφθονος
904 3356 1016 3440 τόπος·

294 3465 394 3543 οὐδεὶς
417 3467 559 3530 στενωίσει
581 3466 674 3549 τηνόε
696 3472 749 3550 την
771 3466 939 3550 ἀπειρίαν·

229 3575 273 3639 20
294 3572 417 3645 πολλάς
438 3574 544 3655 φοράς
565 3571 693 3654 ἤνεγκεν
714 3571 774 3654 ἤδη
797 3572 995 3653 πνευμάτων,

294 3676 422 3749 πλείους
444 3675 473 3737 δ’
495 3676 632 3751 ένεγκετν
653 3676 735 3738 ἐστὶν
757 3674 988 3762 ηάτρεπισμένη,
1040 3708 1047 3727 ·

293 3785 352 3855 έως
371 3779 625 3843 ἀποπνεόσουσιν
646 3778 779 3864 έσχάτην
799 3784 887 3861 μίαν,

296 3886 370 3971 ίέως
391 3885 536 3947 λυθοῖσιν
556 3884 601 3958 είς
623 3883 758 3968 ἀάηλίας
779 3887 868 3965 χάος,

292 3989 393 4071 μηδὲν
415 3990 667 4071 κατορθώσαντα
689 3989 773 4071 πλὴν
795 3995 901 4064 κενοὺς
922 3989 1050 4064 πόνους.

230 4096 272 4159 25
295 4093 365 4156 ἀλλ’
388 4089 418 4156 οἱ
440 4096 500 4174 μὲν
523 4093 567 4166 ὡς
590 4093 758 4155 θέλουσιν·
783 4091 884 4169 οὐδεὶς
905 4097 966 4176 γάρ
991 4095 1137 4176 φθόνος·

294 4198 354 4275 έγά
378 4196 413 4260 δὲ
436 4197 561 4270 τούτους
581 4197 700 4272 έξελιόν
722 4219 784 4278 μου
805 4201 875 4272 τοὺς
898 4198 1008 4275 λόγους

294 4302 425 4365 πολλῶν
447 4299 502 4365 ἀπ’
525 4300 635 4363 ἀλλων
659 4339 699 4350 -
721 4302 891 4383 ἐμμέτρων,
915 4302 970 4367 οὐκ
992 4303 1154 4387 ἐμμέτρων
1176 4339 1217 4349 -

292 4408 410 4488 μόνους
432 4410 541 4490 φέρων
563 4405 678 4487 δίδωμι
700 4419 764 4481 τοῖς
786 4407 891 4483 λόγων
913 4407 1028 4490 φίλοις,

295 4510 338 4584 ὥς
359 4514 458 4591 γεῦμα
481 4512 595 4593 μικρὸν
617 4510 778 4594 δαψιλοῦς
799 4508 997 4593 ἀνθοσμίου·

230 4618 273 4682 30
294 4614 340 4688 οίς
362 4615 458 4699 ῆόονη
480 4618 601 4691 γένοιτο
624 4619 720 4679 ταῦτα
741 4617 862 4698 μετρία,

291 4718 384 4802 κόρος
406 4719 435 4782 δ’
459 4715 585 4781 ἀπέστω
608 4723 661 4781 καί
681 4723 769 4802 μέθη
792 4725 845 4782 καὶ
866 4722 988 4783 ναυτία.

291 4823 411 4902 ἔχοντες
433 4819 489 4886 οὖν
509 4845 564 4903 μοι
586 4824 656 4897 τοὺς
677 4827 815 4905 βραχεῖς,
838 4822 938 4907 φίλοι,
961 4823 1085 4901 λόγους,

291 4926 378 4993 αὐτοὶ
401 4926 443 4990 δι’
465 4928 566 5011 ἔργων
586 4927 711 5009 μᾶλλον
732 4931 753 5012 ἤ
772 4931 905 5011 μακράν
928 4928 1033 5007 λόγων
