4560 6172
342 477 405 540 216
1842 477 1931 544 loo

342 647 529 728 πρόσταγμα
560 647 726 725 βασιλικόν
758 649 813 711 τόν
842 644 1019 730 άστακηνδν
1050 647 1142 711 πλέοι
1171 648 1292 710 κόλπον
1322 651 1374 706 καλ
1403 644 1446 718 ῶς
1473 646 1609 713 κλόδωνι
1632 646 1725 730 δεινῷ
1748 649 1930 727 περιπέσω,

341 751 396 831 ὑφ’
420 746 458 816 οὗ
478 752 514 840 τῇ
537 754 592 834 νηῒ
608 754 934 832 συγκαταβαπτισθείς
954 754 1031 831 μετὰ
1053 755 1115 813 τῶν
1136 750 1309 830 συμπλόων
1332 755 1384 811 καὶ
1406 752 1541 824 γεγονῶς
1562 750 1773 830 ίιποβρόχιος,
1805 749 1867 832 ήδη
1889 749 1927 812 δέ

340 862 394 916 καὶ
416 856 516 930 δόξας
535 858 648 933 βιαίως
669 858 908 919 ἐναποπνεῦσαι
937 865 1000 929 τοῖς
1029 854 1155 930 ὕδασιν,
1189 857 1271 935 ὄψιν
1300 852 1362 916 ἴδοι
1392 853 1541 930 γλυκεῖαν
1570 858 1623 914 καὶ
1655 858 1764 938 φωνής
1792 851 1928 919 άκσόσσι

342 961 578 1042 ποθεινοτάτης,
605 963 742 1040 θαρρεῖν
763 983 794 1022 τε
823 960 1002 1032 κελεύοντος
1031 957 1117 1043 αὐτῷ
1144 962 1199 1022 τοῦ
1229 958 1348 1038 πατρός
1377 961 1429 1018 καὶ
1459 967 1548 1038 χεῖρα
1578 956 1730 1041 σωτήρων
1758 955 1926 1040 δρέγονιος
1952 1038 1955 1043 ¹

342 1063 428 1142 ἅμα,
457 1058 493 1146 ής
515 1064 592 1125 καθ’
614 1066 697 1144 άπερ
720 1063 861 1144 άγκόρας
881 1061 968 1145 ίεράς
989 1062 1190 1142 ἐξεχόμενος,
1226 1063 1315 1142 Πέρα
1337 1063 1482 1136 πίστεως,
1512 1062 1591 1143 ἔφη,
1625 1064 1708 1141 πέρα
1731 1061 1927 1143 προσδοκίας

342 1167 485 1248 ἁπάσης,
519 1167 636 1239 παντός
665 1166 762 1242 λόγου
793 1170 939 1246 κρείττονι
960 1167 1066 1247 τρόπῳ
1088 1168 1195 1227 κακῶν
1218 1163 1354 1247 άπαθής
1375 1163 1427 1226 ἐπὶ
1449 1167 1482 1226 τδ
1506 1167 1601 1249 ξηρόν
1623 1164 1833 1249 ἐξεβράσθην.
1869 1172 1924 1227 καί

343 1272 413 1335 ίδοδ
436 1277 473 1335 τά
498 1275 621 1358 σῶστρα
645 1275 698 1333 καὶ
719 1270 905 1353 χαριστήρια
921 1269 925 1354 ή
943 1273 990 1330 σοί
1012 1272 1055 1346 τῶ
1069 1268 1214 1353 σφ’σαντι,
1237 1272 1348 1346 πάτερ,
1370 1265 1551 1330 ἀποδώσων
1564 1267 1694 1350 πάρειμι
1711 1272 1778 1332 νῦν.
1844 1271 1926 1334 314¹

346 1375 615 1459 ²⁹napsoqpa'v19q
638 1374 675 1457 δή
698 1380 751 1440 τοῦ
774 1376 1000 1453 συμπτώματος
1025 1371 1042 1434 ό
1072 1372 1181 1453 καιρός
1205 1374 1286 1453 πρδς
1309 1375 1362 1434 τόν
1389 1375 1442 1452 τής
1468 1374 1677 1455 προρρήσεως,
1702 1378 1754 1434 καλ
1782 1371 1799 1435 δ
1829 1372 1927 1446 αδτδς

341 1479 491 1561 εὑρεθείς,
513 1482 555 1564 τῷ
577 1479 755 1542 πεπονθότι
777 1502 807 1540 τε
829 1483 882 1537 καὶ
904 1486 967 1549 τοῖς
988 1477 1203 1557 προακούσασι
1225 1478 1279 1558 τήν
1300 1477 1369 1558 ἴσην
1392 1474 1542 1558 ἔκπληξιν
1563 1477 1707 1542 ἐνεποίει.

431 1583 458 1622 ³⁰
470 1586 608 1647 τοιοῦτον
629 1586 688 1664 μὲν
708 1586 744 1645 ἐν
765 1587 826 1645 τῶν
848 1584 902 1643 τοῦ
923 1580 1063 1660 μεγάλου
1086 1578 1274 1660 θαυμάτων,
1304 1581 1366 1655 εἴγε
1387 1583 1439 1640 καὶ
1461 1582 1508 1653 ἐν,
1535 1579 1644 1662 ἐπειδή
1668 1586 1720 1640 καὶ
1742 1581 1926 1662 πρόγνωσιν

343 1691 405 1766 ἔχει
434 1691 487 1748 καί
519 1685 749 1767 προαγόρευσιν
771 1690 824 1745 καὶ
845 1689 899 1768 τήν
921 1685 1000 1766 πρὸς
1022 1682 1212 1747 ἀνέλπιστον
1240 1686 1395 1765 σωτηρίαν
1424 1681 1612 1762 α’νθρῶπων
1640 1682 1925 1766 ὑπεράνθρωπον*

343 1792 500 1871 δυ’ναμιν·
533 1793 637 1871 ἕτερον
659 1790 706 1863 δέ,
727 1787 853 1868 μᾶλλον
875 1788 911 1851 δὲ
933 1792 1039 1869 ἔτερα·
1074 1788 1124 1849 δεῖ
1143 1792 1204 1866 γάρ
1227 1785 1285 1870 ήδη
1308 1789 1499 1865 συντέμνειν,
1530 1792 1583 1850 καί
1612 1784 1655 1861 ῶς
1681 1787 1926 1871 ἐκδιηγεῖσθαι

342 1900 379 1958 τά
403 1893 509 1957 πολλά
530 1916 559 1955 τε
583 1897 636 1955 καί
658 1892 878 1974 παραπλήσια,
901 1895 962 1954 κάν
983 1893 1019 1954 έν
1041 1890 1212 1975 διαφόροις
1234 1894 1364 1954 ἕκαστον
1385 1888 1489 1956 αότῶν
1510 1893 1632 1968 γεγόνει
1654 1902 1785 1973 καιροῖς.

429 1999 456 2037 ³¹
473 1995 614 2080 Ἀδελφοί
636 2003 688 2079 της
709 1992 796 2077 ἱερᾶς
819 1994 934 2080 ἀγέλης
955 1995 1073 2079 ἐκείνης
1101 1994 1352 2078 α’ποφοιτῶντες,
1383 1994 1462 2056 ἔνιοί
1490 2018 1520 2056 τε
1550 1997 1614 2056 κατ’
1636 1994 1824 2069 λδιάζουσάν
1852 2018 1924 2060 τινα

343 2105 451 2185 χρείαν
473 2098 683 2182 ὀκνηρότερον
703 2099 788 2179 είχον
810 2100 889 2181 πρδς
910 2102 964 2181 τήν
986 2098 1159 2163 ἐπάνοδον.
1188 2098 1257 2161 έπεῖ
1285 2098 1321 2161 δὲ
1350 2095 1367 2160 δ
1395 2101 1455 2177 μὲν
1484 2101 1603 2180 ποιμήν
1623 2099 1779 2173 πολλάκις
1801 2098 1925 2164 άνεκα-

343 2208 424 2268 λεῖτο
446 2209 498 2267 καὶ
521 2203 750 2284 διαμέλλοντος
771 2204 907 2285 η’πειγεν,
941 2202 999 2268 οδκ
1028 2202 1182 2284 εὐπρεπὲς
1209 2204 1243 2265 τὸ
1271 2208 1404 2282 πρᾶγμα
1434 2203 1543 2265 καλῶν
1571 2201 1647 2265 οδδὲ
1675 2206 1839 2287 συμφέρον
1859 2217 1927 2280 τοῖς

343 2310 439 2384 οὕτως
460 2307 539 2391 ὕπερ
561 2311 594 2371 τδ
619 2307 694 2370 δέον
715 2307 977 2384 λειποτακτοῦσιν,
1010 2307 1041 2371 οἳ
1071 2308 1107 2371 δὲ
1135 2308 1311 2389 προφάσεις
1332 2307 1445 2370 ἄλλοτε
1467 2306 1569 2381 ἄλλας
1591 2308 1627 2370 έν
1648 2306 1819 2390 ἁμαρτίαις
1841 2333 1923 2392 προ-

344 2415 551 2498 φασιζόμενοι
573 2416 629 2495 τήν
643 2410 847 2497 ὑποστροφήν
862 2411 1087 2493 α’νεβάλλοντσ,
1110 2411 1168 2479 οὐκ
1183 2412 1218 2474 έν
1234 2414 1419 2493 παροιμίαις
1434 2411 1476 2474 ἔτι
1492 2410 1509 2473 ό
1527 2411 1622 2486 ὅσιος,
1644 2412 1728 2476 άλλδ
1747 2414 1926 2501 διαρρήδην

345 2518 452 2592 αὐτοῖς
473 2521 527 2600 τήν
549 2516 688 2597 τελευτήν
709 2520 763 2578 τοῦ
789 2518 861 2593 βίου
890 2515 1137 2599 προδσήμαινεν,
1169 2515 1199 2577 ελ
1227 2516 1269 2597 μή
1301 2519 1421 2577 θᾶττον
1454 2513 1496 2588 ῶς
1527 2517 1642 2595 έχουσι,
1677 2520 1757 2599 πρδς
1786 2520 1854 2602 ήθη
1882 2523 1922 2583 τά

343 2624 465 2688 ἑαυτῶν
494 2618 727 2707 ἐπαήνέλθοιεν.
836 2618 931 2683 3ὀιίκ
962 2621 1074 2683 ἔπειθε
1107 2618 1282 2699 προλέγων,
1316 2617 1386 2680 ἀλλ’
1422 2620 1534 2681 ἔπειθε
1571 2620 1693 2696 δεικνδς
1724 2622 1779 2696 τὰς
1844 2627 1925 2691 314²

343 2725 528 2809 προρρήσεις
551 2721 806 2801 α’πσβαινοόσας·
840 2724 926 2788 πάνυ
954 2727 1015 2805 γάρ
1037 2725 1138 2804 βραχδ
1160 2726 1193 2786 τδ
1215 2724 1375 2799 ἐντεῦθεν,
1409 2728 1461 2784 καὶ
1484 2723 1527 2798 ῶς
1547 2722 1566 2787 δ
1589 2729 1688 2805 μέγας
1708 2725 1845 2810 ήπείλει,
1874 2730 1924 2792 ολ·

343 2829 493 2910 κτρότατα
517 2830 722 2909 κατέστρεφεν
743 2828 886 2904 ἕκαστος,
920 2835 973 2911 τῆς
1002 2827 1173 2899 α’πειθείας
1197 2828 1340 2909 ἐπίχειρα
1362 2830 1423 2889 τὸν
1454 2830 1515 2902 ἔξω
1544 2831 1596 2912 τής
1618 2829 1718 2915 αδλής
1739 2837 1849 2913 κυρίου
1871 2834 1926 2900 εὐ-

344 2938 458 3016 ρίσκων
480 2931 692 2996 ἐπονείδιστον
714 2935 869 2998 θάνατον.
891 2937 1028 3002 τοιοῦτος
1049 2935 1108 3011 μὲν
1129 2930 1187 2994 οὖν
1209 2931 1227 2993 δ
1249 2930 1387 3010 βλέπων,
1409 2928 1427 2992 ό
1449 2930 1583 3005 δυνατὸς
1606 2933 1642 2996 δὲ
1664 2934 1795 3018 πηλίκος
1802 2964 1816 3014 ,·

430 3035 544 3115 ³³11st
566 3038 653 3110 τινάς
674 3036 758 3116 ελχον
779 3035 811 3100 οί
832 3040 884 3119 τής
903 3041 1002 3117 μονῆς
1024 3035 1202 3111 άναγκαίας
1222 3033 1407 3116 οἰκοδομάς.
1429 3034 1523 3109 λίθος
1543 3034 1602 3102 σόν
1623 3034 1686 3102 δπδ
1700 3041 1927 3124 μηχανήματος

343 3143 523 3220 κινούμενος
546 3144 763 3226 παμμεγέθης,
785 3141 853 3204 ἐπεὶ
875 3144 908 3202 τδ
929 3140 1099 3223 μηχάνημα
1121 3143 1163 3223 τῷ
1184 3143 1279 3219 βάρει
1301 3142 1477 3221 συνέτριψε,
1499 3143 1564 3219 μετ’
1584 3139 1706 3217 ὀξείας*
1728 3142 1829 3227 ῥόμης
1849 3147 1925 3230 ἐφέ-

344 3267 412 3328 ρετο
436 3244 545 3316 λυθείς
574 3246 653 3306 κατά
682 3249 738 3307 τοῦ
769 3248 910 3327 πρανοῦς
939 3248 992 3305 καὶ
1020 3242 1099 3324 δπὲρ
1130 3244 1270 3326 κεφαλής
1298 3244 1374 3305 ὅσον
1395 3245 1483 3308 οὔπω
1506 3257 1569 3318 τοῖς
1592 3246 1773 3328 ολκσδόμσις
1794 3250 1925 3326 ἔμελλεν

342 3350 561 3429 ἐμπεσεῖσθαι.
589 3350 729 3427 μέγιστος
751 3349 790 3432 δή
813 3351 915 3432 φόβος
943 3344 1054 3413 αὐτίκα
1082 3351 1162 3430 πρὸς
1182 3346 1216 3409 τδ
1240 3346 1356 3421 δεινόν,
1386 3353 1439 3408 καὶ
1461 3355 1579 3432 κραυγή
1602 3352 1691 3432 παρά
1713 3354 1845 3415 πάντων
1866 3358 1925 3422 σὺν

345 3451 483 3534 δπσρίᾳ,
518 3450 586 3514 ἀλλ’
613 3451 630 3513 ό
654 3455 756 3536 πατήρ
780 3456 893 3535 πυρῶν
915 3451 972 3515 οδκ
996 3451 1117 3534 ήπόρει.
1138 3462 1237 3531 χεῖρες
1255 3455 1316 3533 γδρ
1338 3450 1436 3525 εὐθδς
1463 3453 1517 3514 ἐπὶ
1541 3458 1621 3517 θεὸν
1643 3456 1789 3531 ἐκτενεῖς,
1823 3467 1925 3539 χεῖρες

347 3560 495 3637 καθαραί
516 3581 546 3619 τε
568 3561 621 3619 καί
643 3557 748 3633 ἅγιαι,
772 3563 824 3619 καὶ
847 3556 980 3636 δάκρυσι
1002 3556 1171 3636 σόγκρατος
1201 3554 1272 3618 δσία
1294 3555 1389 3639 εδχή,
1418 3556 1581 3639 ἐπίκλησιν
1609 3561 1725 3638 ἔχουσα
1754 3564 1806 3642 τής
1832 3560 1927 3638 ἁγίας

344 3660 484 3742 τριάδος,
508 3666 560 3723 καί
582 3663 615 3725 τδ
639 3661 740 3724 κακδν
762 3701 803 3710 -
826 3666 853 3724 ῶ
874 3666 928 3728 τοῦ
950 3661 1136 3737 θαόματοςί
1165 3662 1192 3722 ῶ
1220 3664 1272 3741 τῆς
1302 3661 1408 3722 πάντα
1436 3660 1613 3745 δυναμένης
1634 3664 1768 3747 εὐχερῶς
1790 3665 1926 3750 α’ρετήςί

346 3766 478 3848 -ἔστη
500 3788 530 3827 τε
554 3768 643 3845 παρά
666 3767 780 3847 χρήμα,
804 3771 857 3826 καὶ
879 3769 932 3829 τόν
953 3767 1107 3848 στήσαντα
1129 3768 1250 3846 τρανῶς
1272 3763 1477 3844 διεσήμανεν·
1502 3762 1519 3828 ό
1541 3770 1601 3848 γάρ
1624 3768 1718 3842 λίθος
1740 3773 1818 3832 καθ’
1841 3769 1930 3852 άπερ

346 3868 536 3954 εδλαβηθιῖς
558 3873 612 3933 τδν
634 3867 818 3948 α’νείργοντα
840 3870 885 3944 είς
905 3868 1042 3936 τούπίσω
1064 3893 1095 3931 τε
1118 3868 1326 3954 άνεΙκροόσθη
1355 3874 1408 3930 καὶ
1437 3873 1489 3951 τής
1519 3873 1625 3952 φοράς
1651 3875 1778 3936 παυσά-
1845 3878 1925 3942 315¹

345 3995 438 4052 μενος
461 3973 545 4057 ἔστη,
576 3977 745 4053 μαρτυρῶν
772 3975 816 4046 εἰς
844 3974 887 4036 ἔτι
917 3980 970 4034 καὶ
1000 3975 1057 4036 νῦν
1079 3974 1133 4056 τήν
1156 3973 1486 4056 θαυματουργήσασαν
1508 3973 1656 4053 δυ’ναμιν,
1690 3979 1759 4040 ἐπεὶ
1788 3981 1929 4061 φοβερός

346 4079 408 4140 ἐστι
431 4084 484 4139 καί
505 4079 547 4140 ὅτι
571 4088 632 4150 τοῖς
653 4076 770 4156 ὁρῶσιν
791 4077 849 4156 οδχ
871 4074 968 4160 ἧττον,
992 4077 1028 4140 ἐν
1049 4073 1214 4160 όλισθηρηί
1236 4082 1289 4136 καί
1309 4074 1504 4163 άποκρήμνῳ
1520 4081 1727 4144 παντάπασιν
1741 4080 1780 4145 οδ
1796 4088 1928 4148 κεῖσθαι

347 4181 462 4257 δοκῶν,
497 4181 568 4244 ἀλλ’
592 4180 660 4248 οίον
681 4179 897 4268 α’πηωρήσθαι
928 4186 1065 4254 καὶτοῖς
1092 4181 1174 4242 κάτω
1196 4179 1378 4259 βαδίζουσιν
1406 4181 1547 4266 ὕπερθεν
1578 4186 1816 4267 ἐπικρέμασθαι
1844 4192 1926 4252 καθ’

347 4288 429 4368 άπερ
450 4287 548 4360 άλλος
569 4309 613 4360 τις
633 4288 771 4366 μυθικός
793 4292 846 4348 καί
867 4285 1055 4357 τοντάλειος.

436 4389 542 4472 84δσης
565 4388 600 4452 δὲ
621 4399 758 4470 μετεῖχεν
780 4389 864 4475 αὐτῷ
887 4394 941 4451 καὶ
962 4387 1042 4452 αὐτά
1066 4391 1103 4450 τά
1127 4386 1271 4469 πάρεργα
1293 4394 1355 4451 τῶν
1376 4393 1489 4469 χειρῶν
1509 4392 1670 4469 εόλογίαςί

434 4493 671 4574 85Ἀμπελῶνος
700 4492 738 4577 ήν
765 4494 927 4576 ἐπιμέλεια
959 4504 1022 4566 τοῖς
1048 4493 1094 4566 είς
1122 4497 1210 4557 τοῦτο
1240 4496 1434 4573 τεταγμένοις
1460 4498 1523 4557 τῶν
1543 4500 1709 4577 μοναχῶν·
1742 4502 1795 4560 καί
1815 4495 1845 4561 οί
1867 4504 1929 4579 μὲν

346 4597 524 4680 εἰργάζοντο
547 4597 750 4680 φιλοπόνως,
783 4596 854 4661 ὁδ’
876 4596 981 4671 αὐτοῖς
1004 4598 1140 4681 έφεστδς
1162 4602 1214 4659 καί
1236 4597 1456 4678 παρεπόμενος
1478 4599 1563 4679 άμα,
1593 4603 1725 4675 κόκκους
1748 4601 1931 4684 λεληθότως

347 4702 490 4784 όσπρίων
512 4704 647 4785 ἐρρίπτει
670 4703 749 4766 κατά
779 4707 832 4786 τής
857 4705 928 4785 γής,
961 4712 1024 4774 τοῖς
1053 4705 1146 4764 ποσίν
1173 4700 1274 4785 ήρέμα
1304 4705 1543 4781 καταχωννόων.
1577 4709 1609 4769 τδ
1642 4707 1846 4788 καταβληθὲν
1866 4711 1930 4787 μὲν

420 4844 451 4892 30
467 4823 532 4895 ὑπὲρ
550 4824 696 4894 ἄνθρωπον
714 4823 801 4880 codex
817 4826 822 4890 Ι
838 4844 866 4893 33
887 4823 972 4886 ὀξείας
989 4824 1032 4890 0¹,
1051 4823 1125 4885 ὀξίας
1144 4824 1177 4878 0¹
