4560 6172
1873 543 1938 608 223

344 709 431 762 eletici
449 710 580 763 ’Ioannis
594 711 748 781 cognoverim
767 712 952 780 Mooropodie,
975 711 1097 781 primum
1115 711 1255 776 Monachi,
1274 711 1376 767 deinde
1395 714 1490 767 autem
1510 713 1713 783 Archiepiecopi
1728 714 1942 784 Euchaitorum3

345 814 464 865 quorum
485 800 705 868 unumquodque
724 800 896 869 peculiarem
915 818 999 854 suam>
1013 801 1101 855 babet
1113 801 1334 863 Acroetichidem‚
1356 817 1429 868 quae
1447 799 1557 865 itidem,
1577 805 1607 856 ut
1625 801 1771 869 quaelibet
1788 803 1846 856 Ode
1862 822 1945 866 nono,

347 885 461 940 nomine
480 886 593 940 Ioannis
615 887 753 957 insignita
778 890 829 943 est.
878 888 969 940 Primi
990 888 1109 942 Oenotris
1133 889 1170 941 od
1200 889 1335 942 Christum
1359 890 1521 941 Acrostichis
1548 906 1612 944 cum
1632 890 1769 960 principio
1793 894 1837 946 est
1860 892 1941 947 talis:

347 976 461 1043 Προῖτον
480 977 554 1044 φέρω
656 975 765 1047 15761
869 978 986 1047 μάλοσμά
1012 994 1055 1029 σοι
1080 977 1148 1030 Θεοῦ
1167 977 1238 1046 Αόγε
1256 978 1378 1048 μοναχὸς
1392 975 1529 1043 Ἰωάννης.
1558 976 1652 1030 Πάντα
1676 980 1704 1030 ἐκ
1727 978 1765 1049 μὴ
1786 979 1869 1033 ὄντων
1886 979 1945 1032 κατ’

350 1059 436 1133 άργάς
454 1066 509 1119 etc.
992 1062 996 1069 ’

1104 1173 1130 1206 11
1153 1174 1190 1208 12.

633 1243 669 1296 ll
1103 1242 1195 1297 cclv.

348 1367 578 1382 ......
605 1242 624 1382 Ι.
662 1239 789 1393 .'Sceto,
816 1329 979 1397 etquidem
1003 1347 1021 1384 a
1045 1329 1093 1384 iol.
1109 1349 1163 1396 ²17·
1183 1348 1209 1399 p.
1228 1310 1256 1384 ιζ
1274 1347 1362 1398 usque
1380 1329 1417 1384 ad
1435 1331 1483 1385 fol.
1502 1349 1557 1400 ²29·
1575 1333 1635 1388 sive
1655 1333 1803 1399 ultimum,
1828 1334 1945 1387 Ioannis

350 1416 540 1486 Metropolitae
560 1418 757 1471 Euchaltorom
780 1419 874 1470 Oratio
893 1419 920 1471 in
941 1424 996 1471 tres
1014 1419 1128 1471 Sanctae
1147 1418 1241 1471 Patres
1253 1419 1388 1471 Basiliam
1401 1420 1545 1489 Magnum,
1567 1422 1729 1490 Gregorium
1742 1423 1944 1476 Noaiomenam

348 1510 375 1556 ct
393 1505 523 1558 Ioannem
547 1506 779 1574 chrysostomum
804 1506 883 1577 cujus
901 1507 1003 1562 titulus
1021 1510 1051 1562 et
1069 1507 1255 1577 principium:
1283 1507 1413 1561 Ἰωάννου
1426 1512 1623 1578 Μητροαολὸτου
1639 1511 1783 1582 Megalius
1796 1512 1946 1584 Ἐγνάμοον

353 1595 390 1654 isc
408 1592 467 1653 τοάς
484 1594 580 1664 ἁγίους
600 1596 645 1647 καὶ
737 1596 744 1667 Ι
764 1596 827 1665 121
922 1600 1080 1656 θεσπεσίους
1102 1594 1180 1666 ἡμῶν
1202 1597 1337 1664 Πατέρας,
1365 1599 1504 1650 Βασίλειον
1529 1597 1573 1650 τὸν
1598 1601 1701 1669 Μέγαν,
1726 1603 1876 1671 Γρηγόρουν
1899 1601 1944 1654 τὸν

351 1681 495 1752 Θεολὸγον,
513 1682 559 1735 καλ
577 1683 707 1748 Ἰωάννην
724 1684 769 1736 τὸν
786 1683 987 1756 Χρυσάοτομον.
1006 1685 1096 1738 Πάλον
1112 1685 1241 1749 Ἰωάννης
1261 1683 1274 1737 ὅ
1293 1682 1340 1749 τὴν
1358 1685 1476 1755 γλῶτταν
1489 1687 1620 1757 χρυσοῦς,
1641 1690 1688 1742 καλ
1704 1690 1789 1743 πάλιν
1806 1689 1872 1760 ἡμῖν
1889 1693 1945 1744 inc·

352 1768 440 1840 ηανὴς
457 1771 544 1840 ἑορτή.
565 1774 649 1840 υρλτος
665 1774 770 1843 μέντοι
787 1771 844 1840 μὴν
861 1777 915 1828 etc.
952 1774 1083 1828 Meminit
1109 1774 1192 1843 hujus
1218 1773 1361 1829 Orationis
1379 1774 1413 1828 V.
1433 1775 1474 1829 cl.
1492 1775 1549 1827 Leo
1568 1779 1686 1832 Attalicis
1711 1780 1741 1834 in
1759 1780 1892 1835 Diatriba
1908 1779 1944 1835 de

353 1861 524 1930 symeonem
542 1860 662 1930 Scriptis
680 1879 745 1932 pag.
765 1881 818 1930 105.

461 2018 704 2075 OasimiriOudini
724 2018 948 2074 Commentarius
966 2019 1001 2072 de
1021 2018 1212 2088 Scriptoribus
1230 2018 1435 2073 ecclesiasticis.
1455 2020 1532 2075 Tum.
1543 2022 1577 2075 Il.
1596 2022 1708 2092 Lipsiae
1719 2042 1788 2090 1722.
1807 2029 1943 2092 606-609.

531 2105 614 2174 1606
633 2107 640 2178 Ι
721 2121 835 2158 scarras
854 2122 1000 2159 usvaorvs
1020 2122 1216 2158 svcumransm
1236 2123 1439 2172 aaraoronrrs,
1460 2108 1494 2163 de
1514 2127 1569 2178 quo
1588 2127 1672 2180 parce
1690 2113 1777 2180 atque
1795 2113 1945 2182 ambiguus

353 2197 422 2251 satis
447 2196 574 2264 loquitur
599 2195 771 2265 Hippolytus
790 2196 946 2250 Memmius
966 2195 1097 2250 Lucensis
1123 2195 1153 2249 in
1173 2195 1340 2249 Bibliotheca
1359 2197 1506 2260 Mariana,
1534 2197 1583 2252 ubi
1607 2199 1642 2254 de
1669 2201 1794 2269 ejusdem
1818 2201 1946 2255 authoris

354 2288 460 2350 aetate,
479 2286 560 2354 quasi
578 2286 614 2339 de
631 2303 660 2340 re
680 2285 790 2341 incerta
809 2284 852 2338 his
872 2284 977 2338 verbis:
1000 2283 1132 2338 »loannes
1151 2284 1354 2338 Euchaitarum
1373 2285 1541 2355 Episcopus,
1569 2287 1683 2342 natione
1703 2287 1840 2354 Graecus,
1869 2289 1945 2344 inter

354 2375 589 2445 Hymnographos
607 2375 787 2429 Menaeorum
807 2373 940 2443 insignis,
967 2372 1001 2426 de
1027 2373 1105 2442 cujus
1124 2375 1220 2427 aetate
1239 2376 1290 2427 aut
1308 2374 1369 2427 vita
1387 2373 1483 2429 Simon
1503 2375 1701 2445 Wangnereck
1720 2377 1751 2431 in
1769 2395 1820 2432 sua
1838 2377 1944 2431 Pietate

353 2463 485 2517 Meriana
508 2465 689 2527 Graecorum,
718 2466 799 2534 purte
814 2482 834 2517 ι.
853 2462 883 2514 in
902 2461 1111 2530 Prolegcmenis
1130 2461 1213 2514 Num.
1227 2480 1265 2527 25.
1288 2478 1317 2515 se
1342 2461 1465 2515 nondum
1491 2462 1645 2531 quidquam
1671 2465 1810 2520 iuvenisse
1835 2465 1945 2530 scribit,

355 2552 509 2620 quodviris
522 2552 612 2607 doctis
625 2541 770 2622 probarinic
788 2569 817 2605 se
833 2566 912 2620 posse
925 2548 1089 2603 confideret:
1110 2548 1234 2602 studium
1246 2566 1326 2603 suum
1342 2544 1410 2618 erga
1424 2549 1454 2603 B.
1469 2548 1615 2620 Virginem
1627 2551 1785 2608 declaravit
1795 2553 1945 2610 scribendo

354 2639 460 2696 Graece
480 2642 514 2693 In
535 2642 734 2694 Dormitr'onem
752 2642 934 2694 sanctissimae
952 2638 1091 2709 Deiperae
1111 2637 1274 2692 Orationem
1294 2655 1391 2703 unam,
1421 2655 1493 2705 quae
1519 2639 1576 2694 MS.
1602 2643 1682 2695 extat
1708 2642 1738 2696 in
1765 2642 1944 2698 Bibliotheca

354 2729 502 2786 Vaticana.
544 2731 665 2783 Oenones
684 2731 755 2785 item
774 2736 830 2783 octo
850 2727 1045 2799 deprecatorios
1062 2727 1099 2778 od
1118 2728 1312 2779 austerissimam
1325 2727 1476 2798 Deiporam
1496 2731 1649 2786 secundum
1668 2735 1731 2786 coto
1749 2731 1839 2786 Eehos
1859 2731 1944 2787 Grac·

356 2835 467 2884 corum,
495 2820 545 2890 qui
564 2819 643 2874 MSS.
667 2820 768 2873 extant
791 2818 924 2874 ibidem«.
961 2816 1037 2871 Haec
1056 2816 1221 2870 Maraccius.
1259 2816 1339 2881 Quod
1364 2819 1460 2871 autem
1486 2818 1535 2872 ille
1558 2820 1610 2872 sub
1635 2819 1737 2888 Imper.
1757 2819 1942 2875 Constantino

354 2909 548 2973 Monomacho,
567 2910 603 2963 ab
622 2925 696 2962 anno
708 2927 776 2972 1042.
796 2905 930 2975 usquead
943 2922 1047 2959 annum
1062 2921 1129 2970 1054.
1149 2904 1305 2973 imperante
1318 2904 1454 2970 floruerit,
1473 2907 1620 2962 manifeste
1639 2910 1761 2977 apparet
1779 2925 1834 2963 non
1853 2909 1944 2963 solum

354 3014 389 3052 ex
403 2997 487 3053 Vitae
506 2997 595 3067 ipsius
610 2996 689 3051 brevi
698 2995 839 3065 Epitome,
858 3012 930 3062 quae
949 2992 1025 3047 MSS.
1045 2992 1176 3062 operibus
1188 2992 1392 3062 praemittitur,
1409 3011 1507 3048 verum
1521 2994 1607 3050 etiam
1621 3011 1656 3050 ex
1667 2995 1745 3049 illius
1755 2995 1945 3062 Poematibus,

355 3086 384 3140 in
405 3087 508 3155 quibus
526 3087 659 3141 nimirum
675 3086 735 3155 jam
754 3083 902 3140 memorati
920 3082 1100 3151 Imperatoris
1119 3080 1298 3136 Constantini
1310 3082 1488 3136 Monomachi
1507 3083 1587 3138 velut
1606 3082 1772 3152 synchroni,
1791 3084 1943 3152 aliquoties

354 3174 522 3230 nominatim
545 3174 652 3230 mentio
675 3176 715 3230 fit.
753 3174 794 3230 De
813 3174 864 3228 illo
886 3172 929 3226 ita
948 3169 1117 3225 Guillelmus
1135 3170 1226 3225 Carus
1251 3171 1280 3223 in
1299 3170 1425 3224 Historia
1442 3171 1495 3226 Rei
1514 3171 1669 3227 literatius
1693 3173 1730 3226 ad
1749 3190 1854 3227 annum
1874 3192 1943 3242 1054

355 3281 420 3335 pag.
430 3269 483 3319 608.
497 3265 629 3320 »Ioannes
640 3265 843 3321 Euchaitarum
852 3259 1036 3329 Metropolita
1049 3259 1153 3313 claruit
1167 3259 1242 3313 circa
1259 3277 1363 3313 annum
1379 3277 1446 3326 ¹054·
1465 3264 1494 3313 et
1507 3260 1646 3330 deinceps.
1684 3261 1804 3331 Scripsit
1815 3262 1944 3316 Poemete

353 3355 472 3409 ceratae
490 3355 617 3408 Jomdiceb
640 3358 668 3407 ire
688 3354 883 3424 principalium
900 3353 1038 3419 festorum
1062 3350 1147 3419 pictas
1169 3351 1198 3401 in
1221 3350 1318 3401 ἰαὸυλὶο
1341 3350 1477 3413 heterius,
1505 3351 1591 3418 atquc
1610 3348 1775 3405 allevaris.
1812 3350 1944 3408 Carmina

353 3442 409 3499 ista
426 3444 593 3514 prodierunt
611 3444 717 3499 Graece
736 3441 814 3497 edita
832 3442 958 3495 Aetonae
972 3443 1040 3492 1610.
1060 3439 1090 3493 in
1108 3432 1155 3503 4²⁰,
1180 3456 1247 3493 cura
1264 3437 1404 3492 Matthaei
1423 3437 1504 3493 Busti
1522 3438 1701 3494 Actoniensis
1719 3455 1784 3493 cum
1801 3439 1877 3494 notis
1895 3439 1944 3496 do·

353 3532 497 3587 ctissimis.
537 3533 655 3602 Scripsit
673 3531 760 3586 etiam
785 3528 873 3582 Vitam
893 3530 924 3581 S.
945 3527 1076 3580 Eaeehrbe
1096 3526 1171 3596 apud
1190 3526 1341 3581 Euchaitus
1357 3526 1389 3607 in
1408 3544 1512 3598 magna
1529 3528 1710 3583 veneratione
1729 3527 1854 3594 habitae,
1872 3528 1943 3583 item

364 3623 453 3675 Vitam
473 3623 502 3676 S.
522 3621 659 3674 Dorothei
674 3623 702 3672 ia
723 3619 892 3679 Chiliocomo,
922 3635 957 3671 ex
983 3616 1087 3684 quibus
1109 3615 1269 3685 fragmenta
1295 3615 1434 3683 quaedam
1460 3616 1568 3685 profert
1592 3616 1647 3671 Leo
1666 3618 1791 3673 Allatius
1813 3620 1845 3674 in
1869 3620 1943 3676 libro

353 3711 397 3764 Dc
417 3729 544 3764 consensu
564 3711 700 3779 utriusque
713 3708 849 3760 Ecclesiae
867 3708 894 3760 io
914 3706 1036 3774 άορυυαυο
1054 3705 1086 3756 de
1105 3703 1269 3771 Purgoterio
1286 3721 1350 3774 pag.
1370 3723 1423 3772 754.
1460 3706 1554 3774 Longe
1572 3707 1669 3761 tamm
1687 3708 1771 3778 plura
1787 3708 1844 3778 ipsi
1861 3709 1945 3764 attri-

356 3800 419 3854 buit
436 3800 570 3855 Eucomia
589 3799 617 3853 in
637 3800 754 3854 Sanctus
774 3797 828 3851 Leo
849 3795 980 3858 Allatius‚
999 3810 1072 3861 quae
1091 3793 1166 3847 inter
1180 3792 1318 3847 Simeonis
1332 3792 1542 3862 Metaphrastae
1555 3794 1737 3851 collectanea
1754 3796 1944 3866 reperiuntur,

354 3888 388 3942 de
407 3888 509 3956 quibus
528 3887 604 3942 idem
624 3886 747 3942 Allatins
765 3886 795 3939 in
814 3884 947 3940 Diatriba
965 3883 1009 3935 Dc
1029 3883 1184 3935 Simeonem
1205 3882 1329 3950 Scriptis,
1348 3899 1449 3952 nempe
1469 3884 1506 3936 Iri
1525 3884 1656 3938 Sanctum
1679 3885 1846 3939 Ἰλιοάουυυυ
1864 3887 1944 3940 Mer-

353 3982 439 4046 tyrem
458 3995 522 4048 pag.
537 3982 575 4031 82.
593 3977 708 4029 Joonnis
721 3975 920 4027 Euchaiterom
934 3972 1125 4039 Metropolitae
1146 3972 1182 4029 εἰς
1200 3969 1243 4034 τὴν
1260 3968 1370 4040 μνήμην
1387 3971 1432 4023 roi
1448 3969 1530 4040 ἁγίου
1547 3975 1789 4044 μυγαλομάρυυρος
1800 3977 1945 4045 Θεοδώρου

352 4065 459 4129 καλιὴν
477 4066 521 4118 τοῦ
540 4064 761 4132 αρωυοααρβάιου
782 4062 885 4132 ἦμέραν
902 4064 931 4114 ἐν
941 4060 1094 4131 Maroneae,
1114 4060 1194 4128 cujus
1207 4057 1323 4111 initium
1340 4056 1402 4110 ’All’
1421 4058 1453 4111 oi
1466 4061 1600 4131 πένθιμος
1616 4064 1684 4132 ἡμῖν
1701 4062 1716 4113 h
1734 4063 1943 4130 acceleracione

350 4156 420 4224 γὲιοι
436 4153 586 4227 μαρτύριον
604 4154 687 4222 σαφὲς
704 4152 719 4216 ἦ
738 4155 847 4216 νηστεία.
885 4150 1064 4221 Pag.92.1n
1083 4149 1281 4201 Dormiticnem
1300 4153 1407 4200 sanctus
1426 4148 1573 4219 Det'parae,
1598 4154 1635 4210 alr
1651 4151 1700 4217 τὴν
1718 4150 1803 4223 άγλαν
1820 4155 1944 4223 κοίμησον

352 4243 393 4308 τῆς
410 4243 558 4313 άαυραγίας
577 4242 720 4308 Θεοτόκου,
743 4241 822 4311 cujus
841 4239 956 4295 initium
972 4237 1033 4291 ’hini
1051 4236 1094 4302 τὴν
1111 4238 1211 4308 μητέρα
1229 4236 1274 4289 τοῦ
1293 4236 1385 4305 Λάγου
1403 4238 1468 4307 μετά
1486 4236 1531 4290 τὸν
1551 4237 1642 4311 Λάγον
1661 4240 1674 4292 i
1693 4240 1782 4312 λόγος.
1818 4242 1886 4313 Pag.
1904 4261 1943 4310 97.

351 4333 387 4385 Ire
407 4333 540 4402 Sybarim
560 4333 722 4384 Sanctorum
742 4332 921 4399 Angelorum,
951 4328 1031 4398 λόγος
1056 4329 1093 4386 alc
1116 4323 1162 4390 τὴν
1184 4328 1295 4414 circeio
1310 4326 1363 4378 τῶν
1381 4324 1469 4396 ἁγίων
1485 4325 1624 4398 Ἆγγλλων,
1651 4330 1731 4399 cujus
1754 4331 1869 4386 initium
1888 4330 1945 4383 Kal

348 4424 421 4476 reiro
439 4420 480 4488 τῆς
499 4421 584 4489 ἄκρας
603 4421 766 4490 άγαθότηυος
784 4418 934 4490 γνάροομα,
954 4416 1091 4475 ἀπόδειξις
1109 4415 1156 4467 καὶ
1173 4413 1267 4480 αὕτη*ιο
1284 4417 1401 4484 μεγίστη.
1436 4416 1503 4487 Pag.
1516 4436 1554 4485 99.
1573 4418 1609 4471 In
1630 4420 1759 4473 Sanctam
1776 4421 1944 4475 theodorum

357 4513 486 4565 Toronem
509 4513 545 4571 ilc
568 4506 613 4575 τὴν
635 4509 744 4580 μνήμην
767 4509 813 4561 τοῦ
835 4507 917 4577 άγίου
941 4508 1079 4575 μάρτυρος
1097 4504 1240 4573 Θεοδώρου
1258 4502 1303 4556 τοῦ
1324 4505 1461 4573 liparea,
1486 4505 1541 4570 ἦτον
1631 4508 1712 4579 1607
1731 4507 1739 4576 Ι
1829 4507 1878 4563 τὸν
1896 4509 1944 4564 ἀμ.

351 4600 461 4671 θιαμόν,
480 4599 559 4669 cujus
578 4597 692 4653 initium
711 4592 866 4666 Μαριυρυοη
887 4597 1037 4664 πανήγυρις
1053 4594 1177 4662 σήμερον.
1214 4592 1281 4662 Pag.
1302 4611 1355 4646 102.
1373 4593 1410 4646 In
1428 4595 1510 4648 Diem
1530 4595 1663 4650 Sanctum
1677 4596 1945 4664 Poechetie,elrri1r

348 4690 458 4760 μνὴμην
476 4688 521 4741 τοῦ
537 4689 658 4758 μεγάλου
676 4687 877 4756 τροπαιοφόρον
896 4680 961 4755 μετά
982 4686 1067 4752 τρίτην
1085 4680 1188 4750 ἡμέραν
1206 4680 1250 4733 τοῦ
1269 4680 1368 4752 Πάσχα
1385 4686 1548 4755 τελουμένην,
1567 4686 1646 4756 cujus
1665 4686 1781 4742 initium
1795 4686 1823 4741 ‘0
1843 4689 1945 4757 Κάρσος

349 4780 523 4847 λρυυίλοοσεν,
543 4775 718 4847 άγαλλοάαθω
737 4773 751 4837 ἢ
769 4774 981 4845 751.Pag.104.
998 4771 1058 4823 Vite
1070 4771 1092 4823 S
1104 4769 1195 4823 Patrae
1205 4771 1291 4823 nostri
1302 4762 1487 4826 Dorothaei'¹⁰
1496 4775 1629 4841 junioris,
1651 4775 1680 4828 in
1695 4774 1865 4841 Chiliocomo,
1885 4779 1945 4844 βίος

423 4906 437 4940 2
465 4886 529 4938 Vide
548 4901 630 4955 cupra
645 4903 711 4954 μαγ.
723 4889 778 4952 56ο.
796 4884 844 4937 ahl
859 4883 950 4951 agitor
968 4878 999 4931 de
1020 4877 1114 4930 Codice
1136 4874 1340 4931 (lexmea.
