4560 6172
349 536 411 599 122
1851 542 1935 608 m

346 705 462 786 σκολιῷ
483 710 538 766 καί
560 707 693 785 πορείαν
724 709 777 766 καί
808 711 917 788 ψυχῆν
943 705 1019 787 άφει
1047 706 1124 785 μετά
1158 704 1259 788 ῥύμης
1280 706 1454 788 ἐνεχθῆναι
1482 711 1535 790 τῆς
1557 707 1783 791 σφοδροτάτης,
1806 712 1870 770 κάν
1890 717 1934 793 μῆ

344 808 447 891 λαβῆν
475 808 594 879 έκείνος
622 809 698 880 τέως
730 809 880 888 παρέχοι,
913 812 956 890 τῷ
983 809 1089 890 οἰκείῳ
1119 813 1220 893 σκότῳ
1252 811 1465 891 κρυπτόμενος
1496 810 1608 893 (ὅσπερ
1645 809 1742 889 νόμος
1778 812 1934 897 ἐκείνου),

344 916 452 977 τοῦτον
481 910 519 992 δῆ
543 912 597 972 τόν
619 909 766 971 κάκιστον
795 914 898 971 ίππον
925 911 1114 990 μετελθεῖν*
1137 910 1306 991 πρότερον,
1338 911 1374 973 έν
1407 909 1493 994 αύτῷ
1514 934 1545 972 τε
1568 911 1740 994 διάπειραν
1761 918 1816 978 τού
1839 918 1936 977 θείου

345 1015 524 1096 θελήματος
554 1013 665 1091 λαβεῐν
693 1012 816 1094 λκανῆν,
848 1011 892 1086 ὥς
922 1016 965 1074 άν
992 1014 1022 1076 εί
1051 1017 1190 1097 προβαίη
1218 1018 1261 1098 τῷ
1289 1019 1424 1096 γενναίῳ
1457 1016 1490 1076 τὸ
1512 1014 1715 1097 ἐπιχείρημα,
1747 1024 1801 1079 καί
1824 1022 1936 1080 θανα-

345 1121 442 1197 σίμως
464 1112 552 1189 οὗτος
574 1115 721 1197 πληγείη,
745 1113 997 1196 ἀποσεισάμενος
1018 1116 1150 1178 άνωθεν
1172 1116 1283 1180 αὐτίκα
1305 1118 1359 1179 τδν
1381 1117 1536 1200 ἐπιβάτην
1558 1121 1579 1199 ῆ
1600 1117 1704 1180 λιπών
1728 1119 1882 1195 ἄνιππον,
1905 1120 1935 1182 εἰ

344 1224 386 1302 μῆ
420 1219 514 1297 τυχόν
548 1218 721 1296 ὀχούμενος
753 1219 838 1295 τύχοι
868 1220 923 1302 (ἵν’
953 1224 1034 1282 εἴπω
1060 1243 1088 1283 τι
1118 1225 1171 1282 καὶ
1192 1222 1320 1295 γελοίως
1343 1228 1415 1303 περὶ
1436 1222 1561 1299 γελοίου
1583 1219 1746 1306 λππόιου),
1781 1222 1934 1304 εὐεπιχεί-

343 1343 437 1404 ρητον
457 1320 585 1400 μᾶλλον
607 1323 655 1405 θῆ
677 1324 730 1380 καί
751 1317 950 1400 εὐχείρωτον,
984 1323 1214 1402 ἀσθενέστερον
1244 1324 1304 1405 ῆδη
1332 1329 1385 1385 καί
1415 1327 1492 1403 μετὰ
1522 1328 1576 1387 τού
1608 1323 1710 1406 ζόφου
1749 1326 1932 1405 γενόμενον,

343 1427 492 1490 ἐντεῦθεν
511 1424 547 1485 δὲ
570 1425 650 1502 πρός
671 1422 793 1485 έκείνον
815 1423 875 1506 ἤδη
896 1427 1079 1504 τραπέσθαι
1109 1431 1163 1487 καί
1193 1425 1237 1497 ὥς
1260 1425 1343 1508 πεζοί
1371 1430 1425 1486 καί
1447 1429 1657 1509 ταπεινοτέρῳ
1678 1427 1762 1491 πολύ
1784 1451 1811 1490 τι
1834 1428 1932 1512 ῥᾴονι

344 1528 537 1612 χρηίσασθαι
560 1532 618 1590 σὺν
640 1525 765 1612 πλείστη
791 1528 1032 1609 καταφρονήσει.
1090 1527 1116 1565 ¹⁰
1125 1527 1203 1610 αὕτη
1222 1531 1282 1607 μὲν
1303 1525 1322 1609 ῆ
1345 1528 1472 1589 έπίνοια
1495 1533 1548 1588 καί
1571 1527 1589 1610 ῆ
1611 1528 1710 1610 βουλῆ
1733 1533 1787 1594 τοῦ
1854 1532 1933 1597 156²

343 1629 480 1709 άνδρός,
509 1628 725 1711 άνδρικωτάτη
745 1631 790 1710 τῷ
811 1628 877 1690 ὄντι
899 1635 952 1690 καί
975 1631 1151 1712 σοφωτάτη,
1174 1634 1212 1692 τά
1236 1629 1264 1692 δ’
1287 1632 1340 1692 ἐπί
1361 1632 1480 1702 τούτοις
1502 1629 1590 1695 αὐτοὶ
1612 1635 1666 1691 καὶ
1688 1631 1852 1715 διηγείσθε
1874 1641 1929 1696 καὶ

343 1735 494 1797 δείκνυτε·
518 1731 556 1798 ού
577 1734 637 1810 γάρ
659 1731 789 1811 μακράν
810 1729 869 1812 άφ’
891 1732 990 1811 ὑμῶν,
1019 1731 1092 1795 ἄλλ’
1120 1735 1265 1797 ένταῦθα
1294 1733 1510 1807 παντάπασιν,
1545 1733 1690 1798 ἐνταῦθα
1723 1735 1761 1817 δῆ
1795 1738 1886 1814 μάλα
1910 1736 1928 1820 ῆ

343 1840 396 1900 τοῦ
416 1835 557 1915 μεγάλου
580 1835 740 1915 δράματος
762 1835 883 1896 ἐκείνου
906 1833 1000 1917 σκηνῆ
1024 1840 1081 1896 καί
1102 1834 1261 1909 διάθεσις,
1285 1837 1302 1896 δ
1326 1839 1416 1898 πάσα
1438 1841 1498 1916 μὲν
1518 1836 1657 1913 γλῶσσα,
1682 1841 1772 1901 πάσα
1787 1839 1926 1924 δὲάκοῆ

343 1939 555 2019 περιφόρητον
576 1939 638 2015 ἔχει
660 1943 714 1998 καὶ
735 1936 988 2018 πολυθρύλητον.
1014 1939 1122 2001 *τούτο
1145 1942 1178 2000 τδ
1200 1940 1327 2019 χωρίον,
1361 1935 1451 2013 οὗτος
1472 1937 1490 2001 ό
1512 1942 1625 2015 τόπος,
1659 1940 1738 2025 αὕτη
1760 1943 1794 2005 τά
1818 1943 1926 2006 δεινόν

341 2042 444 2103 έκείνο
467 2044 583 2124 θηρίον
604 2039 790 2122 έμφωλεῦον
810 2040 891 2118 εἶχεν
913 2038 932 2121 ῆ
954 2041 1086 2124 τροίγλη,
1110 2045 1164 2101 καὶ
1185 2039 1202 2102 δ
1227 2042 1351 2121 φωλεδς
1366 2079 1404 2090 -
1428 2040 1521 2114 αδτδς
1540 2038 1645 2116 οὗτος,
1669 2047 1723 2104 καὶ
1745 2042 1763 2128 ῆ
1786 2050 1926 2128 κοίτη-

342 2149 397 2206 καὶ
418 2147 460 2206 ἔτι
482 2144 588 2225 φόβου
609 2147 702 2224 μεστῆ
727 2147 780 2203 καί
799 2142 876 2221 μετά
897 2143 953 2223 τῆν
973 2146 1027 2206 τοῦ
1050 2142 1195 2222 δείματος
1216 2141 1409 2225 άπαλλαγῆν
1431 2144 1479 2225 (τά
1502 2144 1781 2229 παραδοξότατον)
1802 2147 1875 2231 μηδ’
1890 2149 1926 2211 έν

342 2245 482 2322 χιλιάσιν
503 2246 656 2307 ἐνιαυτῶν
678 2249 791 2326 μικροῦ
814 2246 881 2307 δεῖν
901 2244 1082 2323 άποβαλιτν
1104 2246 1280 2326 δυνηθεῖσα
1309 2248 1343 2307 τό
1372 2247 1522 2327 φοβερόν.
1553 2246 1623 2320 έλας
1656 2248 1731 2322 όλος
1763 2247 1782 2311 ό
1810 2253 1924 2333 χῶρος,

343 2348 414 2420 έλος
437 2350 549 2430 ἄγριον
571 2347 619 2429 ῆν,
648 2349 857 2432 α’γειόργητον,
892 2349 1050 2428 ἄκαρπον,
1084 2346 1240 2429 ἀοίκητον,
1273 2349 1437 2428 ἄχρηστον,
1471 2349 1588 2429 ἔρημον
1607 2353 1667 2429 μέν
1689 2351 1731 2413 δι’
1753 2350 1846 2414 ἑαυτά
1871 2358 1924 2415 καί

342 2461 398 2541 τῆν
419 2460 526 2536 φύσιν,
559 2451 784 2530 χαλεπώτατον
812 2450 849 2512 δὲ
878 2448 932 2511 διά
962 2453 1017 2512 τόν
1046 2449 1201 2530 ὀλέθριον
1229 2451 1364 2524 ἔνοικον,
1400 2458 1536 2532 φευκτόν
1565 2455 1624 2527 μὲν
1652 2455 1690 2514 τά
1721 2457 1830 2534 πρῶτα
1858 2467 1923 2528 τοίς

292 2633 301 2646 s
344 2561 524 2641 περιοίκοις,
547 2555 617 2616 έπεῐ
638 2553 668 2615 δ’
690 2554 827 2625 ἐκείνους
850 2551 1002 2633 φυγάδας
1023 2551 1040 2613 ό
1064 2559 1177 2633 πικρός
1198 2557 1361 2635 κατέστησε
1381 2555 1500 2630 γείτων,
1530 2554 1563 2614 τὰ
1587 2554 1693 2615 δεινὰν
1715 2553 1770 2616 ἄπ’
1796 2555 1924 2618 έκείνων

346 2664 350 2749 χ
374 2665 455 2742 πρός
475 2659 544 2730 τούς
566 2655 757 2735 ὁδοιπόρους
771 2656 944 2734 μετέβαινε,
967 2657 1021 2715 καὶ
1038 2658 1137 2716 κακὰν
1152 2656 1394 2738 άπροσδόκητον
1409 2665 1474 2729 τοίς
1487 2655 1619 2728 άθλίοις
1631 2655 1776 2738 άπῆντα·
1845 2659 1923 2724 157ι

345 2767 424 2827 καθ’
447 2763 524 2826 ὅλου
547 2761 576 2822 δ’
598 2758 636 2841 ῆν
657 2756 718 2837 ούχ
741 2755 833 2831 ὁδός,
867 2754 922 2820 οὐκ
944 2756 1094 2836 λργασία,
1128 2755 1184 2822 οδκ
1206 2761 1324 2840 οἴκησις
1345 2758 1381 2821 ἐν
1404 2757 1462 2844 ὅλη
1483 2763 1519 2845 τη·
1542 2759 1707 2844 περιχώρῳ
1731 2757 1923 2845 άσφαλῆςῆ

343 2867 526 2938 άκίνδυνος·
553 2865 650 2925 ἔνθεν
671 2858 849 2943 έξηρῆμωτο
873 2864 981 2933 πάσα,
1011 2864 1064 2920 καὶ
1086 2863 1271 2939 συνέβαινεν
1292 2859 1369 2950 αὐτῇ
1391 2861 1630 2942 δυστυχέστερον
1652 2863 1734 2940 ἔχειν
1755 2866 1845 2945 παρά
1868 2868 1924 2940 τάς

343 2970 446 3042 ἄλλας
466 2967 573 3049 χάρας
593 2963 726 3036 ἁπάσας
748 2962 802 3024 διά
832 2964 931 3023 κακδν
962 2967 999 3024 ἓν
1026 2963 1144 3024 ολκείον
1172 2961 1341 3040 αὐθιγενὲς
1368 2968 1422 3025 καί
1449 2963 1642 3038 έγκάτοικον,
1675 2968 1755 3045 πρὸς
1782 2966 1800 3029 ὃ
1831 2970 1921 3029 πάσα

342 3076 442 3136 πᾶσιν
463 3071 590 3133 έπίνοια
613 3072 666 3128 καὶ
689 3069 752 3138 πᾶς
774 3063 890 3146 τρόπος
909 3070 1051 3147 μηχανῆς
1073 3066 1252 3147 έξησθένει·
1284 3068 1433 3130 τοσοῦτον
1461 3062 1501 3147 ῆν
1527 3065 1655 3145 άμαχον
1682 3071 1716 3131 τό
1740 3067 1847 3132 δεινόν
1868 3075 1923 3132 καί

343 3174 518 3257 άμῆχανον.
564 3170 695 3234 11ταῦτα
718 3172 772 3229 καί
794 3167 919 3231 άκούων
940 3173 994 3229 καί
1014 3169 1144 3246 βλέπων
1166 3166 1183 3232 ὃ
1205 3169 1365 3245 γεννάδας
1385 3170 1519 3242 έκείνος,
1553 3166 1662 3252 η’νιάτο
1692 3173 1752 3250 μὲν
1774 3169 1817 3245 ὥς
1838 3172 1922 3247 είκδς

344 3284 397 3340 καὶ
419 3288 483 3349 τοῖς
506 3271 699 3356 πατριάταις
720 3270 866 3352 συνῆλγει
888 3275 941 3331 καί
962 3274 999 3358 τῆ
1021 3271 1149 3352 πατρίδι
1179 3275 1354 3350 συνέπασχε
1387 3277 1441 3332 καὶ
1470 3271 1576 3333 πολλά
1597 3275 1650 3335 τού
1672 3275 1804 3347 πάθους
1826 3273 1923 3357 αδτῆν

343 3387 396 3443 καὶ
417 3383 469 3462 τῆς
490 3379 662 3459 α’νηκέστου
684 3376 850 3452 συμφοράς
873 3374 1026 3453 ᾤκτειρεν,
1060 3371 1194 3452 άνέμενε
1223 3373 1258 3435 δὲ
1288 3377 1377 3455 παρὰ
1406 3378 1458 3456 τῆς
1488 3374 1620 3435 άνωθεν
1642 3376 1774 3449 νεύσεως
1795 3379 1849 3440 τόν
1870 3381 1924 3460 τῆς

341 3485 496 3566 βοηθείας
518 3477 641 3558 καιρόν,
675 3475 822 3537 κάκείνου
844 3479 1010 3556 τηνικαῦτα
1033 3475 1196 3551 δοθέντος,
1220 3476 1355 3557 ἁρπάζει
1377 3479 1409 3537 τδ
1432 3477 1586 3559 σύνθημα
1604 3514 1643 3525 -
1666 3482 1735 3551 παῖς
1756 3483 1798 3540 άν
1822 3483 1924 3555 εἴποις

343 3586 459 3670 ῆδέως,
472 3623 506 3632 -
533 3588 585 3642 καὶ
598 3580 668 3642 άντῐ
679 3581 798 3650 παντὸς
809 3576 915 3657 ἑτέρου
926 3580 1054 3659 σημείου
1076 3579 1185 3642 τούτου
1199 3579 1249 3661 δή,
1265 3581 1374 3642 τούτου
1390 3578 1516 3661 δεηθεὶς
1529 3583 1583 3639 καί
1597 3581 1708 3658 τυχόν,
1727 3582 1923 3667 ένεπνεόσθη

342 3712 373 3750 τε
396 3686 536 3764 δύναμιν
558 3689 612 3744 καὶ
634 3682 757 3761 θάρσος
779 3679 949 3762 ὑπερφυῶς
971 3683 1061 3760 παρά
1084 3684 1138 3744 τού
1162 3682 1391 3769 καταπαΙτείν*
1413 3682 1526 3743 λέοντα
1549 3686 1602 3742 καὶ
1620 3684 1780 3764 δράκοντα
1847 3687 1925 3752 157*

342 3793 411 3865 τοὺς
433 3788 517 3873 αὐτῷ
539 3787 738 3857 πεποιθότας
760 3784 1028 3861 ένδυναμοῦντος,
1058 3791 1112 3845 καὶ
1141 3785 1297 3866 πλησθεὶς
1325 3787 1425 3868 δρμῆς
1452 3784 1637 3848 α’καθέκτου
1668 3792 1796 3869 καὶτῆς
1818 3793 1924 3870 φορᾶς

341 3896 509 3973 γενόμενος
530 3891 623 3965 ὅλος,
658 3888 727 3952 ίπεί
749 3886 974 3969 προσελαύνων
995 3886 1072 3961 ὀξύν
1094 3886 1194 3960 εὐθύς
1215 3889 1299 3950 ελδεν
1327 3888 1377 3952 ἔπ’
1399 3887 1497 3953 αὐτόν
1518 3888 1724 3967 έξελιχθέντα
1745 3896 1800 3953 τόν
1823 3895 1922 3973 θῆρα,

343 3996 569 4079 ῥαγδαιότερον
592 3995 723 4055 ἄνωθεν
745 3991 839 4063 αὐτὸς
859 3991 1081 4073 έπικατεχύθη,
1116 3998 1169 4051 καὶ
1192 3992 1318 4071 φθάνει
1341 3992 1492 4065 διελάσας
1514 3996 1644 4074 καιρίαν
1666 3999 1719 4054 καὶ
1739 3999 1800 4074 μιᾷ
1819 3995 1922 4082 πληγῆ

341 4103 468 4180 τίθησιν
491 4096 602 4161 αὐτίκα
626 4095 747 4175 νεκρόν,
770 4098 852 4173 μέγα
875 4092 949 4166 δέος
969 4103 1033 4166 τοϊς
1054 4092 1152 4175 όρῶσι
1175 4101 1229 4157 καί
1249 4098 1327 4176 μετά
1351 4098 1516 4160 θάνατον·
1548 4103 1601 4158 καί
1623 4099 1684 4176 γάρ
1707 4097 1805 4170 πολὺς
1827 4098 1924 4160 ε”κειτο

342 4205 396 4263 καί
425 4201 480 4262 έπὶ
511 4198 594 4262 πολὺ
624 4200 703 4258 κατά
735 4199 820 4257 θέαν
849 4198 926 4275 παρ’
958 4195 1054 4260 αὐτόν
1080 4199 1135 4259 τόν
1163 4201 1265 4261 τόπον
1291 4192 1344 4282 τῆς
1365 4197 1567 4281 άναιρέσεως.
1615 4199 1789 4264 12τοιοῦτον
1808 4204 1869 4281 μέν
1889 4205 1924 4262 τό

341 4304 513 4385 α’ρίστευμα
532 4305 619 4366 τοῦτο
642 4304 696 4363 τοῦ
719 4299 917 4379 στρατιώτου,
938 4303 1083 4363 τοσοῦτον
1111 4299 1187 4382 ῆμτν
1214 4306 1269 4367 τοῦ
1291 4300 1437 4384 α’θλητού
1457 4305 1491 4363 τό
1513 4304 1699 4379 γυμνάσιον,
1729 4307 1924 4367 τοιοῦτοντὸ

340 4402 572 4485 προαγώνισμα
594 4410 636 4484 τῷ
659 4408 714 4484 τῆς
734 4402 891 4480 εδσεβείας
912 4399 1087 4488 άγωνιστῆ,
1122 4409 1312 4484 θαυμαστόν
1340 4408 1400 4484 μὲν
1427 4403 1478 4465 ἐπ’
1503 4409 1570 4484 ίσης
1600 4411 1700 4465 πᾶσιν
1721 4402 1923 4485 άνθροόποις,

341 4507 415 4588 ὑμίν
439 4507 474 4569 δέ
497 4503 579 4587 πρός
598 4507 641 4567 ότι
664 4509 717 4565 καὶ
740 4504 892 4585 σωτῆριον
913 4504 1075 4584 ἄντικρυς·
1107 4504 1145 4571 οδ
1165 4511 1226 4588 γάρ
1249 4507 1351 4588 μόνον
1381 4503 1519 4587 ὑπῆρξεν
1546 4506 1742 4568 έπανελθετν
1763 4519 1828 4581 τοῖς
1849 4514 1926 4588 πρὶν

339 4616 565 4691 μετανάσταις,
600 4607 659 4690 ῆδη
681 4611 737 4671 τοῦ
759 4608 859 4670 κακοῦ
882 4605 1120 4686 παρελθόντος,
1154 4609 1238 4670 α’λλά
1263 4609 1381 4680 καλεῖς
1402 4609 1567 4680 τοσούτους
1588 4613 1748 4691 προβῆναι
1770 4616 1824 4672 καί
1844 4612 1926 4693 πλη-

340 4718 512 4796 θυνθῆναι
532 4715 575 4794 τῷ
598 4711 715 4793 χρόνῳ,
747 4710 826 4773 οὕτω
850 4731 879 4771 τε
902 4710 1167 4791 πολυάνθρωπον
1189 4710 1288 4774 πόλιν
1308 4711 1343 4772 έκ
1367 4709 1585 4791 τελματοίδους
1606 4710 1699 4784 έλους
1726 4719 1781 4774 καὶ
1803 4714 1926 4799 θηριό-

411 4852 426 4899 9
443 4835 589 4902 μεθιίθιιν
607 4831 821 4901 apographum!
838 4849 868 4884 10
886 4833 927 4886 0¹¹²
946 4831 961 4896 ῆ
980 4832 1201 4901 όρακοντοκτονία
1217 4837 1222 4899 Ι
1238 4852 1265 4885 11
1286 4833 1378 4886 Psalm
1396 4831 1413 4884 (1
1435 4851 1462 4900 ¹³
