4560 6172
525 458 587 522 146
2025 457 2104 524 18⁵2

521 630 601 692 κατὰ
631 631 694 692 τῶν
722 628 869 710 περότων
905 633 957 711 τής
991 634 1047 712 γής
1075 630 1110 692 τό
1142 625 1324 705 εύαγγέλιον
1351 631 1492 709 ἴσχυσεν·
1526 625 1605 691 ούτω
1637 628 1782 710 βασιλεῦς
1810 630 1878 701 τούς
1908 626 2031 698 ἀθέους
2061 631 2105 713 τῷ

522 732 634 797 ἑαυτοῦ
656 735 807 814 προσάγει
829 735 914 817 θεῷ,
944 731 1040 807 οὑτως
1061 731 1230 796 ὑποτόοσει
1253 734 1332 806 θεός
1352 737 1395 818 τῷ
1417 733 1543 814 βασιλεῖ
1562 734 1633 805 τοῦς
1654 732 1802 813 έχθρούς,
1826 739 1879 793 καῖ
1902 730 1957 792 διό
1974 729 2103 791 πόντων

523 839 687 917 παρίστησι
708 835 764 918 τήν
785 839 866 917 πρός
888 836 984 900 αὑτὸν
1006 835 1117 922 ῥοΙπήν
1140 832 1183 907 ῶς
1204 835 1319 917 πολλή.
2025 834 2101 898 199¹

610 937 740 1002 1λε’έλλοὶ
763 945 790 1003 τί
810 962 865 1018 μοι
888 947 948 1005 νῦν
968 943 1099 1016 τούτων,
1134 937 1232 1019 εἷρπ’·ζ
1254 940 1357 1024 κύκλῳ
1379 943 1447 1014 τοῦς
1469 940 1665 1023 ὀφθαλμούς
1688 960 1755 1012 σου,
1777 940 1937 1019 βασιλέων
1959 937 2103 1018 τ’ρθοδο-

522 1036 629 1119 ξότατε
651 1043 703 1130 (σῦ
724 1046 785 1123 γδρ
807 1049 870 1106 τῶν
892 1047 1060 1125 παρόντων
1082 1043 1262 1122 θαυμάτων
1284 1042 1464 1117 αἰτιῶτατος
1484 1044 1654 1130 μάλιστα),
1686 1050 1739 1105 καὶ
1766 1044 1814 1105 ίδε
1837 1049 1908 1125 περὶ
1930 1049 1963 1106 σὲ
1987 1066 2099 1128 συνηγ-

521 1149 637 1228 μένους
657 1147 862 1233 πόνταςήδη
883 1154 995 1229 μικροῦ
1018 1152 1089 1219 τοτ’-ς
1110 1146 1171 1211 ὑπὸ
1195 1149 1250 1229 τήν
1270 1159 1360 1228 χεῖρα
1383 1151 1438 1231 τήν
1467 1152 1543 1231 σήν·
1574 1147 1755 1229 πρόσσχες*,
1787 1145 1803 1209 ὑ
1838 1152 2018 1226 ποιμαίνων
2046 1150 2100 1211 τόν

522 1249 667 1314 έκλεκτδν
686 1248 827 1332 Ἰσραήλ,
861 1248 1026 1334 ὑὺδηγῶν
1048 1250 1122 1313 ῶσεῖ
1144 1251 1290 1333 πρόβατα
1318 1254 1372 1315 τόν
1401 1254 1505 1331 βαρύν
1534 1273 1590 1316 σου
1612 1257 1718 1316 τοῦτον
1740 1252 1838 1313 λαόν·
1872 1258 2046 1331 κατάμαθε
2066 1256 2100 1314 τό

523 1355 650 1438 πλῆθος
672 1352 802 1430 ὁπόσον,
824 1356 879 1437 τήν
899 1353 1046 1429 εὐταξίαν
1061 1353 1172 1439 ,ήλίκη,
1196 1364 1250 1438 τήν
1273 1353 1417 1438 ὑπακοήν
1439 1358 1483 1430 ῶς
1503 1355 1663 1431 ἑκούσιος,
1695 1356 1727 1417 τὸ
1751 1358 1846 1434 σέβας
1868 1355 1910 1428 ῶς
1933 1356 2011 1435 ὑπὲρ
2035 1357 2097 1417 όν-

523 1462 669 1540 θρωπον,
692 1459 725 1521 τό
750 1457 881 1542 φίλτρον
902 1457 945 1530 ῶς
966 1458 1170 1521 ἐνδιάθετον·
1194 1459 1309 1532 πόντες
1331 1456 1414 1524 οὗτοι
1427 1464 1624 1540 συντρέχουσι
1646 1464 1740 1522 ποσὶν
1762 1459 1950 1538 αὐτομάτοις
1972 1461 2024 1522 έπῖ
2046 1462 2101 1542 τήν

523 1565 608 1626 Σιῶν
629 1564 683 1638 τήν
705 1562 811 1639 ἁγίαν,
833 1564 886 1644 τήν
908 1565 1019 1642 πιστήν
1039 1561 1234 1645 μητρόπολιν
1254 1564 1379 1647 ταύτην,
1401 1565 1457 1646 τήν
1476 1564 1680 1646 Ιίερουσαλήμ
1702 1583 1758 1628 σου
1781 1568 1835 1645 τήν
1858 1567 1945 1637 νέαν,
1969 1561 2005 1646 ἧς
2023 1564 2102 1636 θεός

522 1690 554 1730 τε
575 1672 628 1729 καῖ
650 1669 686 1732 σὺ
708 1667 890 1750 δημιουργοὶ
912 1671 966 1726 καῖ
986 1677 1137 1744 τεχνῖται,
1171 1666 1231 1749 ἀφ’
1252 1664 1289 1749 ής
1310 1667 1499 1742 έξελεόσεται
1522 1668 1704 1752 δικαιοσύνη
1727 1675 1780 1729 καὶ
1804 1667 1927 1744 νόμος*,
1958 1671 1996 1729 τό
2021 1671 2096 1749 παρ’

523 1770 603 1860 αῦτη·
625 1771 730 1844 καλῶς
752 1770 968 1848 διδασκόμενα
991 1770 1046 1832 διὰ
1069 1774 1103 1833 σὲ
1125 1776 1178 1833 καὶ
1199 1773 1463 1852 μαθητευόμενα,
1495 1771 1621 1851 μᾶλλον
1650 1771 1685 1834 δὲ
1715 1772 1778 1850 πρό
1799 1794 1832 1846 γε
1854 1771 1964 1832 τούτου
1987 1773 2023 1833 τό
2047 1772 2100 1834 έπῖ

523 1878 585 1938 τῶν
608 1876 755 1957 πράξεων
776 1873 1037 1954 κατορθούμενα,
1067 1874 1106 1957 ήν
1134 1873 1225 1948 αύτδς
1253 1877 1435 1956 ἐστερέωσεν
1466 1874 1482 1937 ῦ
1515 1880 1670 1937 κατοικῶν
1698 1876 1734 1938 έν
1756 1875 1854 1964 αῦτή·
1887 1872 1904 1937 ὑ
1940 1877 2035 1947 θεὸς*
2064 1875 2101 1936 έν

523 1983 608 2064 μέσῳ
631 1978 735 2060 αῦτής,
757 1982 811 2040 καὶ
832 1975 871 2039 ού
891 1976 1131 2059 σαλευθήσεται,
1161 1974 1179 2040 ό
1204 1977 1403 2054 θεμελιώσας
1423 1983 1477 2039 καὶ
1498 1980 1610 2060 ταύτην
1632 1978 1675 2051 ῶς
1696 1981 1751 2059 τήν
1771 1982 1830 2061 γήν
1852 1978 1905 2040 έπὶ
1927 1982 1991 2040 τῶν
2015 1976 2099 2040 ὑδα-

523 2084 612 2158 τιιν*,
646 2086 763 2164 θαῦμα
784 2086 843 2163 μὲν
863 2091 927 2154 τοῖς
948 2081 1056 2161 δρῶσι,
1079 2084 1194 2159 θαῦμα
1216 2080 1251 2144 δὲ
1274 2092 1337 2153 τοῖς
1357 2081 1534 2167 α’ήκοόουσι,
1567 2082 1665 2144 πόλιν
1693 2081 1770 2165 όλην
1798 2085 1955 2163 μετέωρον
2023 2085 2097 2148 199²

523 2192 637 2267 μικροῦ
659 2190 713 2247 καὶ
734 2183 855 2266 δέριον,
876 2184 906 2246 εί
925 2186 969 2268 μή
992 2206 1054 2247 που
1075 2188 1188 2265 βραχεῖ
1207 2191 1266 2247 τινὶ
1286 2190 1373 2266 μέρει
1395 2189 1449 2266 τής
1466 2183 1631 2263 θαλάσσης
1651 2184 1827 2268 ε’φόπτεται
1849 2191 1902 2246 καὶ
1917 2189 2097 2270 βραχυτέρα

525 2290 623 2353 πόλον
651 2293 704 2373 τής
734 2292 799 2372 γής.
841 2288 953 2371 ιθαῦτη
982 2307 1031 2350 σοι
1060 2289 1193 2371 σήμερον
1223 2288 1330 2364 ξενίζει
1359 2290 1430 2363 τοὺ-ς
1460 2288 1635 2371 ὑπηκόους,
1668 2295 1720 2350 καῖ
1749 2289 1782 2351 τῦ
1812 2292 1949 2368 μέγεθος
1970 2297 2023 2369 τῆς
2044 2293 2099 2371 σής

524 2394 669 2469 ἐξουσίας
696 2393 747 2475 ἐφ’
769 2391 845 2455 ὅσον
865 2416 896 2455 τε
925 2397 978 2453 καῖ
999 2394 1080 2456 ὅσον
1099 2393 1181 2455 έστίν
1202 2390 1252 2458 ὑπ’
1276 2394 1356 2475 ὅφιν
1378 2395 1519 2475 ἐναργῶς
1548 2412 1597 2455 σοι
1619 2397 1812 2475 παρίστησιν,
1842 2391 2100 2474 όστενοχωρήτως

524 2501 668 2578 χωροῦσα
695 2496 855 2578 μυριόδας
881 2496 1049 2572 τοσαύτας,
1083 2496 1188 2569 ἄλλως
1215 2500 1275 2569 μὲν
1303 2497 1467 2576 αόρίστους
1494 2498 1592 2569 οόσας
1621 2501 1674 2558 καὶ
1704 2494 1933 2577 α’τεκμύρτους,
1967 2498 2038 2577 α’ρτι
2061 2498 2097 2558 δὲ

525 2601 766 2681 συνδραμούσας
786 2601 822 2662 έκ
843 2604 906 2662 τῶν
926 2601 1035 2680 ἄκρων
1055 2605 1107 2682 τής
1128 2606 1183 2681 γής
1205 2600 1247 2673 ῶς
1269 2600 1336 2664 α’πό
1359 2602 1561 2680 συνθήματος
1582 2601 1627 2673 είς
1648 2605 1683 2663 ἓν
1697 2603 1811 2680 χωρίον
1833 2603 1977 2663 ἐνταῦθα
2001 2623 2098 2662 κατα-

527 2709 628 2786 φανὲς
650 2710 704 2767 καὶ
721 2702 913 2768 εύσύνοπτον
935 2708 1012 2766 καθ’
1034 2704 1116 2788 ἅπερ
1144 2705 1189 2779 είς
1217 2710 1325 2767 κοινόν
1347 2704 1544 2783 καταγώγιον
1566 2705 1693 2787 όπόσης
1714 2709 1766 2787 τής
1789 2707 1988 2788 οἰκουμένης·
2023 2703 2099 2786 αῦτη

526 2810 636 2883 πόλεις
656 2814 710 2871 καὶ
731 2808 837 2890 χῶρας
858 2814 910 2870 καὶ
933 2808 1039 2888 φυλὰς
1060 2807 1211 2890 ἀπείρους
1232 2809 1341 2870 έθνῶν
1362 2810 1406 2882 είς
1427 2808 1540 2891 ἑαυτήν
1561 2810 1749 2887 ὑποδέχεται
1756 2857 1766 2884 ,
1797 2810 1836 2882 δς
1857 2808 1901 2880 είς
1922 2809 2029 2890 χεῖρας
2050 2830 2099 2872 σοι

526 2913 664 2977 δέδωκεν
685 2911 812 2998 ἀρρήτῳ
834 2915 970 2993 προνοίᾳ
992 2909 1009 2973 ὑ
1031 2909 1216 2976 ὑποτόσσων
1238 2915 1292 2974 τόν
1314 2911 1396 2975 λαόν
1419 2932 1475 2975 σου
1496 2910 1557 2976 ὑπό
1580 2917 1625 2987 σέ,
1647 2913 1728 2976 λαόν
1750 2912 1792 2986 ῶς
1814 2910 1948 2995 α’ληθῶς
1971 2914 2099 2990 περιού-

527 3020 623 3093 σιον*,
648 3017 777 3100 σφόδρα
799 3015 929 3098 σφόδρα
952 3015 1220 3099 πεπληθυσμένον
1241 3015 1284 3090 ῶς
1304 3016 1375 3090 τοῦς
1396 3015 1530 3096 α’στέρας
1551 3018 1604 3081 τοῦ
1618 3016 1755 3096 ούρανοῦ
1778 3022 1831 3078 καὶ
1847 3014 1889 3089 ῶς
1906 3024 1958 3097 τήν
1974 3018 2098 3098 ἄμμον*

526 3127 580 3204 τήν
602 3121 693 3203 παρὰ
721 3123 755 3183 τό
785 3119 886 3200 χεῖλος
907 3124 959 3202 τής
981 3119 1164 3202 θαλόσσης,
1191 3120 1226 3182 έκ
1248 3121 1454 3202 παντοδαπῆς
1476 3120 1597 3204 ήλικίας
1618 3126 1900 3204 συγκεκροτημένον
1927 3127 1981 3183 καῖ
2002 3123 2100 3203 τύχης,

526 3225 571 3299 είς
603 3223 780 3307 διαφόρους
811 3221 904 3299 όξίας
930 3247 961 3285 τε
986 3228 1039 3285 καῖ
1072 3225 1173 3298 τόξεις
1198 3228 1457 3305 συντεταγμένον,
1491 3225 1682 3304 μοναδικοῦς
1707 3226 1710 3310 ή
1735 3231 1788 3287 καὶ
1809 3225 1957 3303 μιγόδας,
2022 3228 2100 3291 200¹

528 3326 619 3409 ἱερεῖς
643 3333 695 3390 καὶ
717 3331 789 3400 τούς
811 3328 944 3403 ἔξωθεν,
967 3330 1035 3400 τοῦς
1056 3328 1091 3389 έν
1114 3329 1192 3391 τέλει
1214 3335 1266 3389 καῖ
1288 3331 1357 3402 τοῦς
1379 3330 1511 3404 κοινούς,
1534 3334 1605 3403 τοῦς
1626 3340 1679 3414 της
1695 3331 1851 3403 πολιτείας
1873 3334 1927 3391 καὶ
1940 3334 1991 3411 τής
2007 3351 2099 3409 στρα-

526 3437 618 3509 τείας,
640 3431 771 3508 εὐγενεῖς
784 3455 814 3494 τε
830 3437 884 3493 καὶ
900 3431 1064 3507 δυσγενεῖς,
1089 3432 1336 3513 πλουσιωτέρους
1358 3438 1411 3494 καῖ
1430 3437 1638 3511 πενεστέρους,
1661 3436 1731 3508 τοίς
1746 3434 1782 3496 έν
1796 3433 1931 3524 ὑπεροχῇ
1955 3440 2007 3497 καὶ
2029 3438 2100 3508 τοῦς

526 3537 669 3621 ἥττονας,
701 3541 752 3596 καὶ
782 3538 859 3596 καθ’
888 3534 1016 3607 ἑαυτοὺς
1041 3539 1100 3612 μὲν
1131 3537 1252 3620 πάντας
1280 3538 1421 3617 ἐντίμους
1450 3543 1503 3597 καὶ
1533 3537 1711 3620 τηλικαύτης
1740 3537 1838 3619 όρχής
1866 3537 2022 3621 ὑπηρέτας
2044 3537 2098 3602 οῦκ

527 3640 696 3714 ἀναξίους,
725 3639 936 3719 ἐντιμοτέρους
966 3639 1001 3700 δὲ
1023 3639 1122 3701 πλέον
1145 3638 1198 3700 διό
1222 3641 1275 3721 τήν
1298 3645 1355 3722 σήν
1376 3641 1542 3717 βασιλείαν
1571 3646 1624 3701 καῖ
1644 3642 1698 3723 τήν
1719 3642 1867 3705 ἐντεῦθεν
1888 3643 1933 3714 είς
1954 3642 2099 3715 ἅπαντας

527 3744 798 3824 ὑπερεκχυθεῖσαν
820 3741 1090 3823 φιλανθρωπίαν,
1126 3741 1180 3823 ὑφ’
1212 3741 1247 3823 ής
1277 3744 1355 3803 καθ’
1377 3742 1510 3825 ἑκόστην
1531 3745 1585 3828 (ἵν’
1608 3745 1704 3817 οὑτως
1725 3748 1818 3823 εἴπω)
1843 3745 2098 3826 περικλυζόμενοι

528 3854 581 3913 καῖ
601 3850 735 3930 δροχήν*
757 3838 934 3911 ἑκουσίανΒίῦ
958 3849 1036 3908 κατὰ
1061 3850 1091 3908 τῦ
1106 3851 1324 3928 γεγραμμένον
1337 3847 1531 3927 βρεχόμενοι,
1553 3849 1673 3919 πόσαις
1694 3852 1753 3928 μὲν
1776 3849 1914 3924 οἷγαθῶν
1936 3849 2101 3931 εῦθηνίαις

528 3956 764 4025 ένευπαθοῦσι,
797 3950 882 4038 πόση
905 3949 940 4012 δὲ
963 3954 1100 4029 κομῶσιν
1121 3950 1323 4031 εὐδαιμονίη,
1358 3951 1532 4014 κόντεῦθεν
1560 3958 1712 4025 παντοίας
1738 3950 1854 4035 ήδονής
1875 3954 2100 4034 πεπλησμένοι,

526 4061 580 4122 τόν
602 4057 730 4119 ἅπαντα
752 4059 823 4134 βίον
844 4053 953 4137 ἑορτήν
974 4059 1052 4134 μίαν
1075 4055 1213 4128 ἄγουσιν,
1252 4050 1287 4137 ής
1314 4053 1348 4117 τὸ
1377 4058 1459 4134 μέγα
1489 4055 1667 4136 κεφόλαιον
1698 4054 1714 4137 ή
1740 4060 1798 4117 νῦν
1819 4058 1998 4140 τελουμένη,
2030 4057 2098 4135 ἅμα

527 4169 586 4245 μὲν
607 4163 651 4235 είς
674 4161 777 4236 δόξαν
799 4162 944 4240 Χριστοῦ,
968 4163 1022 4222 τοῦ
1045 4158 1258 4232 δοξασθέντος
1280 4160 1350 4238 ἄρτι
1372 4163 1413 4239 τῷ
1437 4160 1541 4221 πόθει
1562 4166 1615 4220 καὶ
1637 4163 1672 4247 τή
1694 4160 1830 4239 έγέρσει,
1865 4161 1933 4242 α’μα
1964 4161 1999 4224 δὲ
2023 4164 2102 4243 πρός

527 4271 617 4351 τιμήν
638 4267 691 4331 τοῦ
712 4268 773 4327 τῶν
794 4264 962 4344 μαρτύρων
983 4265 1135 4342 μεγίστου,
1158 4258 1196 4327 οὑ
1216 4265 1286 4334 τοῦς
1308 4263 1433 4336 όθλους
1456 4264 1600 4325 ἐνταῦθα
1617 4265 1866 4346 πανηγυρίζομεν
1886 4268 2030 4348 σήμερον,
2052 4274 2103 4330 σοὶ

527 4374 570 4456 τῷ
591 4369 717 4452 βασιλεῖ
736 4372 789 4430 καὶ
811 4366 944 4452 δεσπότη
968 4371 1021 4427 καί
1041 4371 1093 4448 τής
1115 4366 1316 4448 πανηγύρεως
1338 4367 1448 4447 ταύτης
1470 4366 1685 4452 καθηγεμόήνι,
1722 4370 1956 4450 συνευφραινό-
2023 4372 2102 4436 200²

527 4496 627 4557 μενοι,
650 4477 704 4535 καὶ
724 4478 812 4537 τοῦτο
833 4475 891 4551 μὲν
912 4475 1166 4552 συνεισφέροντες
1185 4475 1227 4551 τῷ
1250 4475 1351 4551 καιρῷ
1372 4474 1409 4533 τό
1433 4471 1637 4552 καθήκοντα,
1667 4478 1754 4536 τοῦτο
1784 4472 1819 4536 δὲ
1848 4478 1889 4558 τῶ
1920 4480 1963 4556 σῷ
1988 4476 2102 4560 κρότει,

528 4583 561 4642 τό
592 4579 719 4659 διαρκὲς
749 4581 802 4637 καὶ
823 4578 856 4637 τό
879 4577 1009 4656 χρόνιον
1037 4574 1125 4654 παρό
1154 4578 1216 4636 τῶν
1246 4579 1428 4655 τιμωμένων
1458 4575 1628 4650 αἰτοῦντες,
1663 4581 1716 4638 ίνα
1746 4583 1799 4639 καὶ
1827 4577 1901 4660 ήμῖν
1931 4579 1984 4640 ἐπὶ
2005 4578 2104 4640 πλέον

520 4736 523 4742 ’
600 4745 627 4794 15
650 4750 681 4773 =
703 4732 755 4789 181,
775 4745 804 4778 10
820 4736 824 4790 ι
842 4743 868 4792 ¹5
889 4725 975 4778 Isaiae
992 4743 1032 4793 49,
1044 4729 1072 4777 18
1088 4726 1094 4790 Ι
1110 4742 1136 4791 ¹5
1157 4724 1247 4778 Psalm
1266 4730 1302 4777 σθ
1317 4746 1331 4778 τ
1348 4728 1352 4792 Ι
1370 4743 1396 4792 15
1417 4725 1503 4779 Isaiae
1522 4746 1544 4789 τ,
1564 4727 1599 4795 31
1616 4745 1642 4794 ις
1662 4727 1755 4782 Ρεολτα
1766 4734 1826 4798 μισ
1843 4735 1846 4796 Ι
1864 4746 1890 4795 ¹5
1912 4728 2004 4783 Psalm
2016 4746 2076 4797 κγ,τ
2097 4730 2100 4797 η

530 4804 559 4851 τό
577 4800 655 4853 Exod
675 4817 711 4866 19,
730 4817 742 4865 5
760 4799 765 4866 Ι
782 4802 811 4850 τό
830 4795 924 4867 ἅμμον
941 4797 1028 4852 codex
1044 4800 1050 4863 Ι
1067 4800 1095 4849 τό
1114 4797 1205 4850 Psalm
1223 4798 1251 4858 ξζ
1271 4817 1299 4850 10
