4560 6172
493 513 536 576 70

573 685 668 751 126.
701 682 745 756 κζ.
782 682 874 747 1Οὐτε
896 682 984 765 ἡμεῖς
1008 679 1238 763 παροξύνοντες
1271 681 1339 746 οὐτε
1361 686 1407 756 σύ,
1430 683 1518 764 κόριέ
1538 704 1620 761 μου,
1654 681 1914 764 παροξυνόμενος
1936 681 2029 754 ξένον
2051 702 2080 742 τι

486 789 640 866 ποιοῦμεν
663 789 683 869 ἡ
705 786 889 864 πάσχομεν·
913 784 1031 865 ὁμοίως
1052 787 1113 865 γάρ
1137 786 1312 865 ἄνθρωποι
1335 790 1489 868 παθητοί,
1512 791 1566 846 καί
1588 785 1766 867 α’μφότεροι
1788 786 1843 868 τὴν
1866 782 2079 866 ἀνθρωπίνην

487 887 664 950 ἄσθένειαν
685 889 721 951 έν
743 888 866 963 ἑαυτοίς
889 891 1120 970 περιφέροντες,
1144 892 1206 950 κᾶν
1229 888 1324 962 αὐτὸς
1345 893 1405 968 μέν
1426 890 1506 951 καθ’
1522 890 1605 969 άπερ
1625 889 1804 968 άξιώματος
1817 887 1900 970 ὄγκῳ
1917 891 1971 948 καί
1983 885 2080 970 δόξης

487 996 700 1073 περιφανείη,
729 992 808 1057 οὕτω
842 997 895 1054 καὶ
924 996 1054 1071 μεγέθει
1087 994 1290 1074 φρονὴματος
1319 998 1373 1054 καλ
1401 1004 1465 1067 τοῖς
1486 993 1597 1066 ἄλλοις
1619 995 1729 1064 καλοῖς
1752 997 1813 1055 τών
1836 990 1966 1054 πολλῶν
1988 990 2079 1074 ἡμῶν

487 1094 649 1185 ύπερέχης,
663 1094 751 1178 ἡμεῖς
763 1096 799 1158 δὲ
810 1096 910 1178 μηδὲν
924 1095 1183 1175 συγγινώσκωμεν
1195 1095 1319 1168 ἑαυτοῖς
1330 1094 1477 1172 ἄγαθόν·
1501 1100 1626 1177 καὶγὰρ
1640 1097 1682 1169 ὥς
1694 1095 1826 1178 ἄληθώς
1841 1095 1844 1180 ἡ
1859 1093 1933 1160 οὐδὲ
2020 1093 2078 1158 74²

488 1189 750 1280 συγγινώσκομεν,
781 1200 810 1261 ελ
841 1200 948 1282 μήπου
981 1200 1081 1278 μόνον
1113 1199 1235 1273 έκεῖνο,
1272 1203 1305 1260 τι)
1338 1206 1390 1282 τῆς
1411 1202 1536 1282 γνώμης
1558 1201 1730 1279 ἐλεύθερον
1751 1204 1805 1259 καὶ
1828 1205 1859 1260 τὸ
1884 1200 1999 1260 πειθοί
2018 1201 2078 1258 τινὶ

487 1300 623 1381 μᾶλλον,
648 1302 719 1364 ἄλλ’
743 1301 781 1364 οὐ
802 1306 868 1381 βίᾳ,
892 1302 1098 1380 κάμπτεσθαι
1122 1309 1201 1381 πρὸς
1222 1300 1427 1366 εὐπείθειαν·
1459 1307 1546 1368 τοῦτο
1576 1305 1637 1382 γάρ
1669 1326 1737 1375 πως
1767 1301 1844 1384 ἡμίν
1874 1303 1909 1376 ἐξ
1937 1299 2077 1363 ἄπαλών

490 1401 613 1484 δνύχων
635 1407 669 1468 τύ
692 1407 771 1479 ἔθος
793 1405 979 1487 συνηυξὴθη
1001 1408 1055 1465 καλ
1076 1407 1267 1487 συνετράφη,
1291 1410 1344 1466 καλ
1366 1407 1410 1478 είς
1433 1407 1475 1468 ε”τι
1499 1410 1555 1470 νῦν
1577 1406 1796 1468 ἀναλλοίωτον
1820 1405 1956 1467 διατελεί
1973 1427 2078 1485 παρα·

488 1512 596 1588 μένον.
643 1505 691 1592 λῷ
714 1507 885 1573 κάνταύθα
915 1510 1107 1591 χρησάμενοι
1136 1512 1216 1588 πρὸς
1245 1511 1282 1570 τά
1315 1510 1405 1588 παρά
1435 1513 1491 1574 σού
1521 1510 1750 1588 προτεινόμενα
1780 1508 1980 1590 σκληρότεροί
2009 1530 2079 1579 πως

489 1611 646 1691 έδόξαμεν
667 1616 703 1698 τὴ
727 1617 765 1700 σῇ
786 1612 1060 1692 μεγαλοπρεπείᾳ·
1083 1612 1163 1693 μηδὲ
1185 1616 1245 1690 γὰρ
1269 1611 1350 1673 ἄλλο
1374 1635 1401 1674 τι
1424 1614 1457 1674 τύ
1481 1616 1582 1674 αίτιον
1605 1618 1673 1674 σίου
1696 1616 1748 1694 τῆς
1771 1609 1944 1674 α’νενδότου
1966 1615 2078 1694 ταύτης

488 1714 671 1788 ένστόσεως,
695 1714 764 1776 ἄλλ’
786 1715 833 1777 ὅτι
857 1718 1043 1795 προπετείας
1066 1714 1102 1778 οὐ
1125 1719 1266 1795 φέρομεν
1286 1713 1422 1786 εὐκόλως
1445 1716 1625 1797 ἡττώμενοι,
1649 1717 1687 1797 ἡν
1710 1715 1834 1797 πολλὴν
1856 1715 2011 1785 ἐνιδόντες
2032 1717 2078 1798 τῷ

489 1818 764 1900 καταψευδομένην
786 1825 839 1900 τὴς
860 1817 949 1899 ἡμών
972 1815 1166 1900 ὑπολήψεως
1197 1817 1452 1897 φιλονεικότερον
1480 1819 1611 1897 ἔσχομεν
1640 1823 1693 1878 καλ
1726 1816 1814 1881 αὐτοὶ
1842 1820 1885 1900 μὴ
1915 1817 2075 1892 ένδούναι,

490 1921 557 1986 οὐδ’
579 1920 658 1984 οὕτω
679 1925 739 2002 μὲν
760 1927 835 1993 ἴσως
856 1921 1024 1983 έπαινετόν
1046 1945 1073 1983 τι
1097 1926 1257 1994 ποιοῦντες
1280 1920 1346 1984 οὐδ’
1370 1921 1445 2002 ἡμῖν
1468 1921 1572 1994 αὐτοῖς
1595 1924 1729 2001 πρέπον,
1754 1927 1786 1982 οί
1806 1945 1840 1998 γε
1856 1922 1936 2001 πρδς
1958 1920 2076 1983 οὐδένα

489 2030 551 2088 τών
573 2027 704 2087 πάντων
726 2026 771 2097 εἰς
791 2027 846 2107 τὴν
869 2027 1036 2103 παροῦσαν
1059 2023 1180 2105 ἡμέραν
1203 2024 1416 2102 διενεχθέντες
1439 2027 1528 2102 ίσμεν
1550 2026 1719 2102 έριστικώς,
1744 2024 1829 2105 ὅμως
1848 2024 1885 2086 δέ
1901 2048 1929 2086 τι
1945 2023 2077 2104 ἄνθρώ·

490 2150 586 2192 πινον
606 2130 773 2211 τηνικαῦτα
797 2128 969 2198 παθόντες.
1024 2126 1072 2188 λεί
1104 2128 1139 2189 δὲ
1168 2131 1209 2206 μέ
1238 2150 1282 2199 τις
1304 2128 1383 2206 ἔρως
1404 2131 1467 2188 τών
1488 2125 1664 2207 ἄλλοτρίων
1686 2132 1834 2207 κατέσχεν
1855 2130 1914 2189 είτε
1936 2131 1995 2191 νύν
2016 2130 2076 2190 εἴτε

490 2234 655 2314 πρότερον,
690 2235 710 2315 ἡ
739 2229 833 2304 αὐτός
860 2253 887 2292 τι
916 2234 1055 2295 τοιοῦτον
1080 2231 1134 2292 ἐπὶ
1163 2234 1238 2294 νοῦν
1266 2230 1429 2312 ἐβαλόμην
1458 2233 1478 2313 η’
1506 2234 1567 2292 τών
1593 2230 1689 2304 οὕτως
1710 2232 1849 2310 έχόντων
1870 2232 1924 2313 τὴν
1945 2234 2075 2314 γνώμην

490 2333 699 2414 άπεδεξάμην
720 2337 741 2418 ἡ
761 2336 795 2396 τδ
819 2334 911 2414 ἔργον
936 2334 939 2420 ἡ
963 2331 1116 2415 έζὴλωσα,
1140 2330 1336 2413 ἄποπέσοιμι
1353 2335 1420 2414 ἄρα
1441 2338 1495 2396 καὶ
1513 2339 1575 2397 τών
1591 2336 1721 2409 δικαίως
1735 2336 1928 2417 προσόντων,
1959 2363 1960 2367 ’
2017 2336 2074 2401 75¹

489 2440 521 2500 τί
538 2462 566 2500 τι
589 2437 629 2521 δὴ
650 2461 705 2516 μοι
727 2442 781 2499 καί
805 2440 971 2518 πρόσεστιν
994 2438 1030 2499 έν
1053 2437 1282 2523 ἀπραγμοσύνη
1306 2437 1395 2511 ζώντι
1417 2442 1564 2525 τοσαύτη,
1602 2444 1655 2500 καί
1685 2438 1845 2522 πλανήτης
1876 2443 1930 2499 καλ
1960 2436 2074 2521 λάτρης

489 2543 544 2604 τὸν
566 2540 728 2624 έφὴμερον
751 2541 848 2622 ἄρτον
869 2542 946 2620 παρ’
976 2540 1147 2620 α’λλοτρίας
1177 2541 1283 2619 θύρας
1313 2543 1487 2624 αλτὴσαιμι.
1528 2541 1635 2603 4ἄλλά
1657 2545 1685 2604 τί
1707 2565 1761 2622 μοι
1784 2546 1843 2605 νύν
1865 2544 2074 2623 περὶτούτων

490 2643 760 2725 διαβεβαιοῦσθαι
781 2647 836 2706 καὶ
858 2641 1093 2722 ἰσχυρίζεσθαι,
1126 2643 1180 2726 ἐφ’
1209 2642 1255 2716 οίς
1284 2644 1338 2708 τὸν
1363 2644 1472 2706 πάντα
1502 2665 1565 2724 μου
1594 2648 1666 2722 βίον
1694 2645 1755 2724 ἔχω
1778 2648 2074 2725 συμμαρτυροῦντας

492 2745 610 2812 ὁοὐδὲν
632 2744 689 2811 οὐν
712 2750 853 2811 τοιοῦτον
875 2747 908 2809 τδ
932 2747 1011 2826 έμδν
1033 2751 1166 2829 πρᾶγμα
1189 2744 1238 2830 ἡν,
1261 2746 1347 2809 ἄλλά
1371 2749 1451 2829 πρὸς
1472 2747 1593 2810 ἐκεῖνον
1605 2752 1665 2826 μὲν
1679 2746 1890 2826 ἄντεπέσομεν
1913 2748 1953 2810 δι’
1976 2748 1998 2809 ἄ
2021 2752 2075 2810 καί

490 2854 702 2932 προείπομεν·
735 2853 815 2931 πρδς
845 2850 881 2912 δὲ
910 2853 944 2911 σε
970 2852 1064 2928 τυχὸν
1086 2853 1162 2930 παρ’
1185 2848 1282 2925 ἄξίαν
1304 2855 1358 2912 καὶ
1380 2856 1413 2913 τὸ
1436 2851 1520 2924 ελκύς
1542 2848 1799 2932 έτραχύνθημεν,
1833 2849 1890 2930 οὐχ
1922 2851 2018 2913 ώσεὶ*
2040 2853 2074 2914 τδ

489 2952 639 3038 ἡμέτερον
662 2952 873 3037 ἄγνοὴσαντες
893 2955 1008 3033 μέτρον
1030 2955 1051 3036 ἡ
1071 2955 1104 3015 τδ
1127 2955 1264 3033 μέγεθος
1287 2958 1341 3036 τῆς
1363 2958 1418 3037 σῆς
1440 2952 1552 3036 ἄρετὴς
1583 2959 1636 3015 καὶ
1661 2959 1716 3036 τὴν
1738 2951 1899 3038 ὐπεροχὴν
1920 2958 1973 3037 τὴς
1995 2953 2074 3034 λαμ-

490 3059 641 3141 πρότητος
663 3055 797 3142 (μὴποτε
819 3060 967 3120 τοσοῦτον
989 3056 1187 3139 έκσταίημεν)
1202 3095 1245 3106 -
1266 3056 1393 3139 μᾶλλον
1415 3058 1443 3119 δ’
1466 3059 1598 3138 ἄμεινον
1619 3058 1694 3130 ἴσως
1715 3061 1787 3137 περὶ
1808 3058 1916 3120 τούτου
1938 3057 1981 3141 μὴ
2004 3057 2073 3120 δια-

489 3164 668 3235 τείνασθαι,
691 3160 800 3244 έπειδὴ
819 3161 940 3241 τρόπον
960 3163 1065 3240 ἕτερον
1088 3161 1167 3239 πρδς
1188 3166 1243 3222 τὸν
1265 3161 1378 3240 καιρὸν
1401 3159 1468 3222 ἄπδ
1489 3163 1606 3240 μέρους
1627 3165 1681 3222 καὶ
1702 3159 1846 3243 ἡγνοὴθη
1868 3162 1901 3223 τδ
1926 3164 2004 3223 κατά
2029 3163 2075 3224 σέ.

491 3262 572 3327 Βάττ’
594 3262 693 3345 ἄρχὴς
713 3266 775 3345 γάρ
798 3261 978 3342 θαυμάζειν
1006 3262 1172 3335 ἐθίσαντες
1192 3266 1249 3345 τὴν
1277 3266 1334 3346 σὴν
1363 3262 1624 3339 καλοκᾶγαθίαν,
1655 3266 1708 3324 καλ
1738 3260 1788 3324 ἄελ
1811 3263 1942 3345 χρηστόν
1965 3270 2074 3327 συκαῖ

489 3371 616 3450 μέτριον
637 3368 692 3430 έπὶ
712 3372 775 3431 τών
798 3367 994 3447 πραγμάτων
1015 3369 1239 3446 πειράσαντες,
1274 3366 1317 3439 ὡς
1345 3367 1498 3448 ἐξαίφνης
1521 3365 1832 3449 σφοδρότερονὴμτν
1856 3371 2075 3453 προσηνέχθης

490 3475 544 3534 καὶ
567 3470 779 3553 παρεσημὴνω
801 3472 856 3532 τόν
870 3470 1008 3548 ἄρχοντα
1022 3473 1076 3530 καλ
1094 3468 1132 3530 τά
1147 3473 1200 3549 τῆς
1216 3470 1362 3544 ἐξουσίας
1380 3469 1557 3552 ύπέφηνας,
1582 3468 1740 3551 ἄλλονιδὴ
1755 3490 1825 3531 τινα
1842 3470 1931 3556 ἡβλέ-
2018 3472 2076 3537 752

489 3597 562 3640 πειν
583 3575 634 3637 ἐπ’
654 3573 812 3657 ἄληθείας
833 3572 992 3652 ἐδόξαμεν
1014 3571 1104 3652 παρᾶ
1127 3569 1182 3635 τόν
1203 3573 1278 3654 ἡμίν
1297 3573 1505 3652 ἐγνωσμένον,
1527 3575 1580 3634 καί
1603 3577 1682 3634 κατά
1698 3576 1784 3635 τοῦτο
1800 3576 1879 3652 τάχα
1892 3573 2076 3656 σφαλέντες,

489 3682 543 3744 τού
562 3678 773 3759 προσὴκοντος
796 3675 1017 3759 διημάρτομεν.
1063 3670 1174 3748 λούτος
1195 3676 1223 3736 εί
1246 3675 1379 3747 κελεύεις
1409 3674 1426 3737 δ
1458 3677 1551 3750 λόγος
1573 3680 1625 3758 τὴς
1646 3678 1797 3759 ἡμετέρας
1819 3676 1886 3742 τότε
1908 3691 2075 3761 μικροψυ-

489 3786 578 3861 χίας,
609 3779 652 3853 ώς
675 3780 768 3852 αὐτὸς
790 3782 832 3840 ἄν
854 3777 1016 3851 καλέσαις·
1052 3776 1094 3851 ώς
1125 3777 1155 3839 δ’
1184 3777 1248 3852 ἐγώ
1277 3801 1375 3861 φημι,
1410 3779 1502 3861 ζὴλου
1527 3780 1558 3840 τδ
1582 3781 1754 3859 γενόμενον
1776 3776 1814 3862 ἡν
1837 3787 1890 3842 καὶ
1914 3783 2075 3863 διαπύρου

490 3883 623 3967 φίλτρου
644 3889 698 3949 τού
716 3889 787 3961 περὶ
809 3888 860 3945 σέ·
883 3883 1066 3964 πεφύκασι*
1085 3881 1148 3961 γάρ
1171 3904 1240 3954 πως
1262 3881 1293 3943 οὶ
1313 3881 1440 3961 μεγάλα
1464 3882 1627 3962 φιλοῦντες
1649 3883 1837 3964 δριμυτέρας
1851 3886 2075 3949 αίσθάνεσθαι

489 3990 569 4051 κατὰ
594 3989 700 4069 ψυχὴν
723 3986 918 4068 άλγηδόνος,
951 3985 1029 4048 ὅταν
1058 3982 1304 4068 α’προσδιίκητον
1330 3986 1422 4048 ίδωσι
1454 3987 1543 4066 παρά
1566 3990 1629 4048 τών
1652 3986 1855 4068 φιλουμένων
1879 3987 2076 4070 ὑπεροψίαν.

491 4090 637 4174 8α’πόχρη
661 4092 696 4153 δέ
718 4114 772 4171 μοι
797 4093 958 4152 καὶτοῦτο
982 4090 1061 4168 πρὸς
1090 4086 1272 4163 α’πολογίαν
1300 4091 1353 4154 τού
1377 4094 1588 4166 πταίσματος,
1621 4092 1707 4164 ἄγαν
1736 4089 1871 4174 άληθώς
1898 4093 2075 4174 εἰρημένον,

488 4196 517 4257 εί
539 4199 668 4256 καὶτὸν
689 4197 794 4273 ἕτερον
816 4193 914 4268 λόγον
937 4192 1156 4271 ἀπραγμόνως
1179 4190 1216 4256 οὐ
1235 4191 1419 4278 παραδέχη,
1450 4197 1567 4274 κρίνων
1589 4197 1664 4267 ίσως
1685 4198 1858 4275 περίεργον.
1905 4195 1963 4259 9σὺ
1984 4195 2014 4257 δ’
2036 4195 2080 4270 ώς

488 4301 606 4360 ἄνκαὶ
628 4300 743 4381 συνέβη
765 4299 799 4358 τὸ
823 4293 999 4377 ἄβοόλητον
1021 4295 1217 4375 σύμπτωμα,
1245 4295 1302 4368 δδς
1323 4297 1508 4379 συγγνώμην
1538 4300 1575 4386 τὴ
1605 4297 1776 4384 ἄσθενείη,
1806 4303 1859 4360 καί
1888 4300 1970 4381 ἄφες
2003 4299 2078 4383 ἡμῖν

488 4399 722 4482 μεγαλοψύχως
752 4402 786 4462 τύ
818 4398 968 4480 ὄφλημα,
1000 4399 1082 4479 ἄφες
1110 4395 1245 4470 εύγενώς
1276 4403 1330 4460 καὶ
1356 4397 1455 4474 ἀξίως
1483 4405 1536 4483 τῆς
1567 4405 1622 4484 σὴς
1652 4407 1723 4484 περὶ
1753 4400 1859 4464 πάντα
1890 4403 2080 4487 θαυμαστῆς

488 4503 751 4580 ἄγαθοθελείας,
786 4502 829 4576 ώς
857 4506 898 4565 ἄν
928 4501 1069 4585 α’φεθείη
1100 4506 1153 4562 καί
1185 4507 1234 4562 σοὶ
1258 4504 1347 4584 παρά
1370 4510 1425 4568 τοῦ
1445 4502 1596 4585 ἄφιέντος
1618 4517 1682 4578 τοῖς
1705 4504 1840 4589 άφιείσι,
1862 4510 1916 4567 καί
1938 4507 2078 4589 κύρωσαι

488 4608 589 4671 πόλιν
608 4608 689 4688 πρδς
711 4606 780 4679 τούς
802 4606 858 4671 οὐκ
882 4605 1068 4688 ἄλλοτρίους
1092 4604 1237 4688 α’γάπην·
1263 4605 1321 4670 οὐκ
1344 4605 1509 4687 ἀλλότριοι
1523 4611 1585 4690 γάρ
1601 4607 1633 4671 ολ
1648 4608 1838 4691 φιληθέντες
1855 4607 1859 4695 ἡ
1874 4611 1934 4689 μὲν
2021 4612 2076 4677 76ι

488 4711 563 4791 ἄχρι
597 4715 656 4774 νῦν
688 4707 744 4773 οὐκ
767 4708 841 4771 οῖδα
863 4711 951 4772 πόσα
980 4715 1034 4771 καί
1056 4711 1142 4783 πώς,
1177 4709 1227 4770 ἄελ
1255 4709 1290 4771 δὲ
1323 4708 1430 4772 πολλά
1462 4727 1496 4772 σε
1523 4717 1577 4772 καὶ
1604 4715 1738 4794 γνησίως
1767 4712 1970 4794 φιλὴσαντες·
2003 4713 2081 4777 δέν

560 4851 571 4885 1
595 4831 712 4886 Corinth
731 4838 749 4900 β
766 4852 790 4898 4,
811 4851 840 4885 10
856 4834 891 4898 Ις
910 4831 946 4891 τίς
963 4831 978 4897 ἡ
997 4832 1083 4887 codex
1103 4831 1231 4900 Ιισφαεδτ
1247 4834 1251 4896 Ι
1268 4836 1282 4883 6
1301 4830 1343 4885 0¹¹¹
1363 4833 1458 4902 γνώμη
1479 4833 1667 4902 βίοδεωυπάχ
1683 4839 1697 4886 8
1717 4834 1878 4889 Matthaeus
1897 4838 1920 4898 6,
1941 4853 1970 4899 14
