4560 6172
342 510 528 579 ιεοιοο
854 598 858 607 .
1859 511 1923 575 τοι

346 681 445 755 καλάς
467 682 659 757 συνθέμενοι
679 677 760 759 πρὸς
782 674 940 757 α’λλήλους
962 679 1128 760 συνθήκας
1155 683 1209 740 καί
1230 680 1428 761 χειρόγραφα
1448 685 1633 761 γράψαντες
1653 685 1706 765 τής
1726 680 1776 743 ἐπ’
1799 677 1922 760 άγαθηῦ

344 788 548 868 συμφωνίας,
571 781 746 865 ίδιαιοάτην
767 781 880 864 ταύτην
902 781 1030 862 έξεῦρον
1052 781 1255 868 λειήτουργίαν
1275 780 1369 867 αὐτῷ,
1391 784 1436 856 είς
1458 785 1497 867 ἢν
1517 784 1680 858 ἐπιδόντες
1701 784 1777 846 έθε·
1843 784 1923 849 302²

343 888 455 961 λοντάς
476 887 608 959 ἑαυτούς
637 888 692 948 καί
718 888 782 948 τάν
809 885 933 961 ἔξωθεν
962 886 1005 948 ἔτι
1036 889 1350 966 προσεταιρισάμενοι
1378 897 1496 968 μοῖραν
1525 886 1564 950 οῦ
1593 886 1806 971 φαυλοτάτην,
1836 884 1922 968 ἱερόν

344 991 424 1054 ἄλλο
448 991 589 1071 δεύτερον
609 989 758 1067 γεγόνασι
780 987 917 1070 σύστημα
947 993 1000 1049 καί
1030 989 1195 1070 ἐκκλησίας
1215 991 1320 1069 ἕτερον
1341 988 1498 1072 πλήρωμα
1527 994 1580 1051 καί
1603 989 1680 1064 λαός
1702 991 1921 1071 ἐκλελεγμένος

343 1099 397 1157 καί
419 1092 611 1176 περιούσιος,
634 1090 772 1175 ἀδελφοί
802 1114 833 1154 τε
861 1092 1049 1171 καλούμενοι
1071 1092 1126 1155 διά
1148 1097 1203 1174 την
1224 1092 1269 1167 είς
1289 1097 1323 1154 τό
1346 1103 1482 1172 κρεῖττον
1503 1091 1669 1173 ὁμόνοιαν,
1693 1099 1745 1156 καὶ
1766 1098 1821 1176 τήν
1843 1097 1922 1176 πρός

343 1201 398 1262 τόν
421 1198 514 1272 α’γιον
535 1201 644 1259 τοῦτον
666 1194 795 1278 δρίστην
816 1195 985 1258 διακονίαν
1005 1197 1048 1270 ὥς
1069 1193 1197 1275 άξίωμά
1217 1219 1245 1258 τι
1268 1195 1417 1276 λαμπρὸν
1438 1196 1709 1278 έπιφημιζόμενοι.
1733 1199 1751 1281 ἢ
1774 1199 1921 1263 διακονία

344 1303 379 1364 δὲ
401 1305 498 1367 ταῦτα
527 1303 564 1361 τά
588 1300 759 1380 φιλοτίμως
779 1299 924 1365 ἐνταῦθα
943 1304 996 1361 καὶ
1018 1301 1184 1383 φιλοθέως
1206 1298 1394 1379 τελούμενα·
1417 1299 1545 1382 πλῆθος
1560 1302 1677 1380 φάττον
1691 1300 1923 1382 άναπτομένων

344 1408 400 1466 καί
419 1406 515 1484 χορόν
536 1402 676 1484 α’στέρων
697 1401 920 1477 ελκονιζόντων,
954 1402 1133 1485 α’ρωμάτων
1161 1402 1294 1485 ἡδίστων
1324 1407 1377 1464 καί
1399 1401 1572 1465 καλλίστων
1595 1403 1778 1485 α’ναφοραί,
1813 1405 1922 1486 ῦμνοιν

344 1508 500 1588 άσιγήτων
523 1504 621 1592 ηδδαί,
653 1507 861 1588 παμπλήθεις
880 1506 1022 1569 ἑκάστοτε
1044 1508 1187 1582 ουνάξεις
1215 1512 1269 1567 καὶ
1291 1506 1488 1580 συνελεύσεις,
1512 1515 1717 1591 συνεισφοραὶ
1739 1515 1793 1571 καί
1814 1511 1922 1590 ἔρανοι

346 1612 513 1694 πρόθυμοι
535 1612 614 1690 πρός
634 1614 690 1683 τάς
710 1607 788 1691 ῦπὲρ
810 1611 926 1675 τούτων
948 1611 1115 1685 δαπάνας,
1146 1612 1237 1682 εἴτις
1259 1609 1340 1693 άλλη
1363 1610 1563 1693 προσήκουσα
1585 1613 1657 1694 τιμή
1687 1635 1718 1674 τε
1747 1619 1799 1675 καὶ
1823 1617 1922 1696 θερα-

345 1721 440 1790 πεία,
471 1710 517 1777 ὦν
544 1711 613 1776 οὐδ’
637 1710 668 1776 οἳ
690 1717 903 1796 συντρέχοντες
926 1718 1052 1796 πένητες
1073 1715 1118 1786 είς
1139 1716 1171 1776 τό
1195 1713 1343 1787 παντελὲς
1366 1713 1588 1796 άκοινάνηιοι,
1621 1713 1693 1777 ἄλλ’
1715 1717 1750 1778 έν
1771 1721 1813 1798 τῷ
1835 1724 1922 1799 μέρει

347 1819 486 1881 κάκεῖνοι
514 1819 705 1899 θαυμαστήν
735 1816 953 1900 άποφέρονται
982 1821 1198 1899 παραμυθίαν
1226 1819 1383 1882 έντεῦθεν.
1473 1816 1592 1881 λταῦτα
1621 1821 1701 1882 κατά
1729 1823 1835 1885 πάντα
1864 1831 1927 1905 μὲν

346 1924 513 2002 ἐνεργεῖται
536 1927 590 1982 καὶ
612 1921 741 1983 τελεῖται
763 1923 884 2002 καιρόν,
917 1928 970 1984 καί
998 1920 1034 1983 τά
1063 1926 1115 2001 τῆς
1136 1921 1236 2003 καλής
1257 1919 1427 2001 ὁμολογίας
1448 1921 1567 2005 έκείνης
1588 1924 1626 2004 ήν
1648 1927 1925 2010 συνωμολόγησεν*

351 2027 354 2111 ή
379 2027 468 2100 ἅπαξ
491 2025 509 2088 δ
532 2024 690 2108 θεοφιλής
711 2021 799 2099 οὗτος
820 2025 981 2101 σύλλογος,
1002 2024 1204 2109 α’διάψευστα
1227 2028 1304 2087 καθ’
1320 2025 1396 2088 ὅλου
1419 2032 1472 2088 καὶ
1491 2025 1680 2110 άνυστέρητα
1706 2030 1779 2091 δια·
1844 2035 1922 2099 3031

348 2134 433 2208 μένει
456 2129 672 2213 πληρούμενα·
698 2132 731 2192 τό
754 2128 789 2191 δὲ
812 2135 870 2191 νῦν
891 2129 1080 2220 ῦπεξήρηται
1103 2132 1180 2210 παρ’
1203 2130 1332 2193 ἅπαντα
1353 2125 1471 2193 τᾶλλα·
1508 2133 1563 2212 τήν
1584 2129 1706 2213 ἡμέραν
1727 2137 1787 2216 γάρ
1809 2140 1923 2219 ταύτην

348 2235 364 2297 ὁ
389 2234 538 2314 ούράνιος
560 2233 650 2306 πεζός
671 2233 891 2312 ἐκλεξάμενος,
923 2235 968 2306 εἷς
989 2237 1080 2316 τιμήν
1101 2232 1344 2315 ὑπερφέρουσαν
1365 2233 1467 2317 ἑαυτῷ
1488 2232 1709 2316 κατεστήσατο,
1739 2238 1865 2317 μᾶλλον
1887 2241 1922 2303 δὲ

348 2341 475 2421 τιμήοαι
498 2337 715 2419 διαφερόντως
736 2336 834 2420 αῦτήν
856 2337 909 2400 διά
932 2341 985 2419 τῆς
1005 2339 1127 2420 μνήμης
1141 2337 1319 2421 εὐδόκησεν,
1341 2335 1510 2418 ἐπειδήπερ
1532 2348 1596 2410 τοῖς
1610 2337 1768 2419 σάββασιν
1783 2341 1801 2405 ό
1816 2346 1923 2408 πάντα

348 2452 492 2519 γενναῖος
522 2441 610 2502 δοκεῖ
638 2463 705 2513 πως
734 2440 869 2522 ήδεσθοι
898 2440 1053 2519 μάλιστα,
1085 2442 1139 2504 διά
1162 2443 1196 2504 τδ
1226 2446 1351 2520 πρῶτον
1381 2444 1455 2514 ἴσως
1479 2441 1580 2504 έκεῖνο
1611 2449 1664 2504 καί
1696 2444 1752 2527 τήν
1777 2450 1922 2529 τηνικάδε

348 2548 491 2628 μεγίστην
511 2547 741 2626 τερατουργίαν,
764 2540 800 2625 ής
820 2545 916 2607 οῦδὲν
937 2544 1173 2627 γνωριμώτερον
1195 2544 1385 2626 ἀνθρώποις
1407 2549 1427 2627 ἢ
1449 2547 1717 2628 θαυμαστότερον.

438 2649 644 2730 8Τοιγαροῦν
665 2647 737 2715 ίδοῦ
757 2649 872 2722 πάντες
892 2648 1046 2711 ἐνταῦθα
1059 2654 1112 2711 καὶ
1127 2650 1264 2732 σήμερον
1278 2647 1509 2731 συνδραμόντες
1523 2645 1645 2731 α’θρόοι
1667 2657 1721 2713 καί
1740 2657 1794 2714 τόν
1816 2658 1925 2718 κοινόν

350 2753 545 2834 περιστάντες
568 2757 620 2812 καί
642 2754 854 2826 κυκλεύσαντες
875 2752 1045 2837 εύεργέτην,
1076 2753 1275 2834 χαριστήριον
1303 2753 1422 2833 ἄγομεν
1449 2752 1559 2836 ἑορτήν
1586 2756 1642 2836 τήν
1663 2761 1838 2838 παροῦσαν,
1870 2767 1924 2822 καὶ

351 2859 406 2921 διδ
430 2857 557 2918 πάντων
578 2857 622 2928 είς
645 2856 781 2937 δύναμιν
803 2863 836 2920 τὸ
858 2858 941 2931 είκδς
963 2856 1189 2940 έκπληροῦμεν,
1217 2857 1317 2939 μηδὲν
1339 2859 1402 2918 τεόν
1422 2859 1483 2919 όσα
1506 2869 1633 2937 κοσμεῖν
1654 2865 1707 2921 καί
1727 2861 1924 2941 λαμπρύνειν

352 2959 441 3042 ἱεράν
464 2961 639 3041 πανήγυριν
662 2965 804 3042 πέφυκεν
823 2960 972 3039 έλλεῖψαι
996 2960 1260 3043 φιλοτιμούμενοι,
1283 2959 1356 3022 ἀλλ’
1378 2960 1537 3034 άνενδειῦς
1559 2967 1611 3023 καί
1632 2961 1812 3045 άρκούντως
1834 2968 1925 3052 (ὅσον

351 3063 419 3126 οίόν
440 3066 483 3145 τε)
505 3067 538 3125 τδ
562 3065 704 3144 φαιδρὸν
726 3057 932 3143 πανταχόθεν
956 3067 992 3151 τῇ
1013 3065 1187 3154 μαρτυρική
1209 3067 1336 3139 συνάξει
1359 3064 1554 3142 συνάγοντες.
1584 3064 1721 3147 άρμόσοι
1751 3068 1780 3131 δ’
1808 3071 1851 3130 άν
1880 3073 1922 3135 ὅτι

352 3171 432 3250 πρὸς
460 3177 524 3240 τοῖς
551 3166 661 3241 ἄλλοις
687 3171 868 3249 καθήκουσι
899 3173 942 3250 τῷ
972 3171 1032 3247 μὲν
1060 3168 1140 3252 ἁγίῳ
1171 3171 1280 3252 φωνή*
1310 3173 1474 3250 χερουβική
1503 3175 1557 3230 καὶ
1579 3173 1761 3253 θεοπρεπής
1782 3170 1924 3257 Εύλογη-

350 3272 438 3357 μέΙνη
470 3269 487 3352 ή
518 3269 599 3345 δόξα
631 3269 727 3337 αὐτοῦ
754 3271 821 3334 α’πδ
850 3273 904 3334 τοῦ
926 3271 1024 3334 τόπου
1047 3270 1160 3347 αῦτοῦ,
1189 3283 1253 3344 τοῖς
1282 3274 1317 3335 δὲ
1347 3273 1535 3352 λειτουργοῖς
1564 3271 1718 3356 α’δελφοῖς
1746 3279 1779 3337 τό
1845 3279 1924 3344 303²

354 3375 535 3456 ψαλμικδν*
557 3383 609 3435 καὶ
632 3384 826 3458 προφητικὸν
846 3375 925 3440 Ἰδοὺ
947 3377 985 3456 δή
1010 3381 1036 3438 τί
1060 3378 1161 3438 καλὸν
1184 3379 1203 3456 η’
1223 3380 1250 3438 τί
1273 3377 1406 3457 τερπνόν
1423 3376 1495 3438 ἀλλ’
1512 3376 1579 3458 ήτδ
1595 3388 1749 3439 κατοικεῖν
1763 3378 1925 3462 άδελφοῦς

352 3484 405 3542 ἐπὶ
425 3483 458 3542 τό
482 3477 568 3554 αύτό,
591 3479 735 3570 κάκεῖνο*
758 3481 836 3562 δήτα
859 3484 938 3561 πρός
960 3482 1003 3543 ἔτι
1026 3480 1113 3562 Αῦτη
1135 3479 1152 3563 ή
1175 3482 1266 3556 γενεά
1291 3479 1460 3565 ζητούντων
1473 3482 1528 3542 τόν
1543 3483 1659 3560 κύριον,
1681 3481 1717 3553 ῦς
1732 3485 1785 3543 καί
1799 3482 1926 3556 τούτους

352 3583 500 3666 εύλόγησε
521 3591 574 3646 καὶ
596 3585 630 3647 τό
653 3587 715 3646 τῶν
736 3587 849 3663 χειρῶν
870 3583 975 3646 αύτιὸν
1004 3586 1111 3664 ἔργον,
1144 3590 1197 3646 καί
1225 3586 1311 3647 ἔσται
1340 3584 1647 3665 καρποφορούμενον
1675 3585 1721 3658 είς
1752 3586 1840 3660 τέλος
1872 3596 1925 3650 καὶ

354 3686 582 3768 αὐξανόμενον,
612 3688 747 3771 δφησιν
769 3686 786 3749 ό
810 3692 900 3761 θεῖος
922 3687 1126 3765 άπόοτολος*,
1155 3689 1200 3762 είς
1228 3691 1317 3770 τιμήν
1336 3692 1396 3769 μὲν
1421 3691 1475 3751 τοῦ
1502 3688 1661 3768 μάρτυρος
1682 3686 1852 3753 α’θάνατον
1873 3699 1927 3755 καὶ

352 3791 459 3854 άίδιον
481 3799 534 3852 καί
556 3796 611 3854 τοῦ
633 3794 804 3853 θεσπεσίου
825 3798 878 3853 καί
901 3797 992 3856 θείου
1014 3793 1102 3857 τοῦδε
1126 3793 1325 3871 τυπάματος,
1355 3797 1417 3854 τῶν
1440 3792 1476 3855 δὲ
1495 3790 1628 3871 πράτων
1644 3791 1756 3876 ταύτην
1775 3811 1926 3878 συστησα-

352 3900 457 3975 μένων
469 3933 504 3943 -
526 3904 579 3957 καὶ
600 3898 705 3975 μέντοι
727 3900 781 3956 καί
802 3899 862 3957 τῶν
883 3897 1056 3980 ζηλούντων
1070 3896 1146 3976 μετὰ
1162 3900 1257 3962 ταῦτα
1270 3901 1324 3958 καί
1338 3896 1617 3978 συντηρούντων-
1635 3897 1729 3978 χάριν
1743 3897 1927 3979 οῦρανόθεν

353 4005 411 4067 καί,
428 3999 518 4063 ἔλεον
540 4005 592 4062 καί
613 4007 741 4085 μνήμην
764 3998 895 4082 άγαθήν
917 4006 970 4062 καί
992 3998 1186 4083 άείμνηστον,
1209 4003 1429 4080 συνεργοῦντος
1450 4005 1528 4079 πρδς
1551 4002 1646 4064 ταῦτα
1667 4004 1722 4066 τοῦ
1741 4009 1926 4082 τιμωμένου,

352 4109 405 4165 καί
432 4103 467 4165 τό
496 4106 563 4165 πᾶν
591 4106 611 4187 η’
636 4108 670 4167 τδ
701 4105 799 4169 πλέον
828 4104 1056 4188 έκπληροῦντος
1088 4110 1142 4166 καί
1170 4108 1401 4184 κατορθοῦντος
1427 4103 1462 4166 λν
1491 4107 1533 4185 τῷ
1562 4110 1642 4184 πρὸς
1671 4104 1801 4167 ἅπαντα
1832 4107 1926 4172 οῦεόν

353 4208 526 4287 ένισχύοντι
549 4215 602 4270 καί
626 4210 817 4287 δυναμοῦντι
840 4213 980 4291 Χριστῷ·
1011 4205 1037 4290 ιή
1059 4209 1140 4283 δόξα
1163 4213 1215 4269 καί
1238 4209 1350 4287 κράτος
1371 4210 1427 4270 σῦν
1448 4211 1543 4288 πατρί
1562 4232 1593 4270 τε
1615 4215 1669 4271 καί
1691 4215 1845 4290 πνεύματι
1868 4218 1926 4276 νῦν

354 4319 407 4374 καί
428 4314 478 4375 άεί
501 4320 554 4374 καί
576 4314 621 4385 είς
642 4315 711 4385 τοὺς
736 4313 857 4384 αἰῶνας
877 4316 939 4375 τόν
961 4312 1100 4375 αίάνων.
1143 4311 1237 4395 άμήν.

441 4417 445 4504 Ι
476 4420 569 4487 190.
616 4420 683 4479 Τοῦ
712 4416 809 4480 αότοῦ
838 4419 906 4494 βίος
928 4421 980 4476 καί
1003 4416 1144 4478 πολιτεία
1166 4420 1218 4480 τοῦ
1240 4413 1329 4478 ὁσίου
1350 4419 1468 4495 πατρός
1489 4413 1579 4498 ήμῶν
1600 4421 1775 4498 Δωροθέου
1848 4421 1926 4486 304¹

356 4524 411 4584 τοῦ
433 4525 506 4584 νέου
529 4522 594 4604 ήτοι
617 4525 671 4583 τοῦ
694 4523 729 4582 όν
751 4523 793 4604 τῷ
814 4517 1038 4606 Χιλιοκοόμήηιή.

443 4629 451 4664 ¹
468 4624 517 4687 Ού
532 4628 682 4696 παλαιοῖς
704 4626 770 4705 άρα
784 4624 897 4704 μόνον,
920 4621 1004 4684 άλλά
1021 4628 1074 4684 καί
1088 4633 1209 4696 καινοῖς
1224 4623 1411 4706 διηγήμασιν
1427 4621 1490 4685 ἔδει
1506 4624 1707 4706 κοσμηθῆναι
1722 4626 1776 4688 τόν
1793 4625 1926 4702 Πόντον,

354 4730 397 4804 ὥς
419 4733 461 4793 δν
485 4728 719 4813 ἀμφοτέρωθεν
747 4724 784 4794 εῦ
809 4727 875 4806 ἔχοι
903 4726 1149 4807 δεδοξασμένος,
1182 4728 1219 4789 τά
1251 4728 1394 4806 παρόντα
1423 4730 1483 4807 μὲν
1511 4723 1686 4809 άναφέροιν
1714 4729 1759 4803 είς
1784 4733 1839 4812 τήν
1867 4737 1929 4794 αὸν

424 4873 437 4920 7
457 4853 676 4924 συνωμολόγησεν
690 4850 732 4915 0¹,
751 4849 963 4919 ουνομοίόγηοεν
974 4848 1007 4903 0¹
1023 4850 1057 4915 18
1077 4849 1163 4904 Εεεοίτ
1175 4869 1198 4917 3,
1210 4869 1238 4904 12
1255 4856 1259 4915 Ι
1275 4855 1289 4904 8
1308 4849 1400 4904 Psalm
1410 4853 1480 4919 ρίμι
1498 4855 1532 4913 18
1552 4849 1644 4904 Ρεοίω
1654 4857 1710 4922 κγσ
1726 4856 1731 4918 Ι
1747 4857 1761 4906 8
1780 4853 1929 4918 Οοίοεει,6

1571 4962 1616 5022 27
