4560 6172
195 533 284 602 10⁰
309 534 393 603 101
1725 536 1786 601 137

194 707 408 788 προσανέχον,
430 703 500 765 ὅσοι
522 725 553 766 τε
576 702 821 785 προσεδρεύουσι
844 701 1032 784 φιλοπόνως
1053 703 1217 779 δνταὸθα,
1246 705 1335 769 τούτο
1356 704 1458 785 μόνον
1480 706 1601 786 ἔχοντες
1621 710 1703 789 βίον,
1734 711 1792 792 τῆν

194 814 253 894 σῆν
275 811 311 872 έν
331 807 412 895 τῶδε
433 811 477 890 τῷ
503 809 583 892 θείῳ
606 812 662 870 καλ
682 810 783 891 μεστῷ
806 810 943 887 χαρίτων
973 811 1043 892 ναῶ
1074 827 1131 871 σου
1160 807 1310 889 λατρείαν
1339 813 1394 870 καὶ
1414 812 1606 889 θεραπείαν,
1638 815 1694 873 καλ
1715 810 1788 874 ὅσοι

195 918 231 1005 τῆ
254 917 293 1001 σῆ
316 914 468 998 παροικίᾳ
488 911 581 1000 ταύτῃ
596 909 878 993 πρυσπεφευγότες
899 909 1075 986 ἀνέκαθεν,
1108 909 1170 976 ύπδ
1193 912 1250 986 τάς
1271 914 1330 986 σάς
1351 909 1507 994 ἀσφαλῶς
1528 951 1571 962 -
1597 917 1689 996 μέχρι
1711 917 1790 992 γούν

194 1021 258 1082 τῶν
279 1017 431 1098 χαλεπῶν
452 1020 574 1096 καιρῶν
595 1015 711 1080 τούτων
732 1053 770 1064 -
799 1013 997 1095 ἀνεπαύοντο
1020 1019 1194 1099 πτέρυγας,
1222 1016 1273 1078 ἐπ’
1302 1015 1409 1079 ἐλπίδι
1438 1020 1475 1107 τῆ
1503 1021 1584 1099 πρδς
1612 1022 1648 1080 σε
1677 1041 1787 1083 κατοι-

192 1127 328 1199 ετοὸντες,
350 1128 402 1182 καί
415 1121 471 1204 τῆν
484 1124 542 1204 ση“ν
558 1117 771 1208 αύθεντΙεΙίαν
792 1121 872 1202 ὅπερ
895 1124 965 1183 πῶν
986 1119 1069 1185 ἄλλο
1085 1121 1212 1183 δίκαιον
1226 1124 1279 1182 καὶ
1294 1125 1405 1182 πᾶσαν
1420 1119 1603 1203 φιλοτιμίαν
1624 1127 1790 1204 πανταχοῦ

192 1223 465 1310 προβαλλόμενοι.
497 1226 525 1286 τί
556 1221 614 1288 οὸν
649 1225 789 1297 ὅπαντες
822 1219 906 1289 οὗτοι
911 1252 924 1302 ς
968 1229 996 1287 τί
1030 1225 1060 1288 δ’
1093 1225 1110 1309 ῆ
1145 1225 1250 1309 κύκλῳ
1283 1229 1457 1306 περίχωρος
1464 1254 1477 1304 ,-
1520 1223 1539 1309 ῆ
1575 1226 1715 1309 ἐπαρχία
1751 1228 1788 1290 δέ

193 1333 200 1418 Ι
225 1337 333 1409 πάσας
354 1327 433 1391 τάδε
455 1326 536 1412 τῆδε,
559 1326 629 1389 τάδ’
651 1326 706 1390 ἐπὶ
727 1328 822 1407 τάδες
852 1331 885 1391 τδ
910 1328 945 1391 δέ
976 1334 1046 1393 πάν
1074 1328 1188 1404 άπλῶς
1216 1331 1314 1403 ἔθνος
1344 1333 1378 1391 τδ
1394 1334 1558 1409 ,θεοσεβὲς
1588 1336 1642 1393 καλ
1708 1334 1786 1400 183¹

193 1434 408 1520 φιλόχριστον,
432 1435 465 1495 τδ
487 1435 586 1512 τιμῶν
607 1431 769 1507 τοιαύταις
789 1445 893 1514 τιμαίς
913 1437 968 1515 τῆν
991 1433 1050 1518 σῆν
1070 1433 1342 1515 ὅπερθαύμαστον
1364 1437 1418 1495 καί
1432 1434 1651 1512 μεγαλόδοξον
1672 1437 1785 1518 χάρινς

195 1536 234 1604 οὗ
254 1541 288 1602 τὸ
310 1542 370 1619 μὲν
396 1576 434 1586 -
459 1540 487 1602 ῶ
508 1538 668 1617 κριμάτων
690 1540 843 1617 προνοίας
865 1535 1100 1620 ἀκαταλήπτων
1130 1576 1165 1586 -
1196 1535 1343 1616 ἀσεβέσιν
1364 1535 1473 1599 ἔθνεσι
1496 1539 1726 1620 παραδέδοται,
1748 1542 1785 1603 τὸ

196 1644 227 1706 δ’
250 1641 346 1708 οὐδὲν
368 1642 484 1722 σχεδὸν
506 1641 708 1722 ἀνεκτότερον
729 1639 791 1704 ύπδ
816 1644 878 1703 τῶν
893 1641 1066 1724 ὁμοφύλων
1085 1641 1288 1722 ταλαιπωρεῖ.
1334 1640 1440 1724 81ολχρι
1455 1644 1548 1716 τίνος,
1570 1645 1640 1720 ἅγιε
1653 1647 1787 1724 μάρτυς,

195 1748 272 1827 ὅχρι
295 1749 378 1819 τίνος
402 1744 481 1810 οὕτω
506 1744 810 1826 κακοπαθῆσουσινς
832 1746 923 1826 άχρις
936 1749 978 1807 ἀν
993 1746 1220 1828 έξερημωθῶσι
1235 1744 1344 1818 πόλεις
1367 1746 1399 1831 (ὅ
1414 1747 1672 1831 προηπείληται*)
1694 1749 1785 1830 παρά

196 1853 230 1914 τδ
261 1847 319 1932 μῆ
335 1850 418 1912 είναι
449 1853 522 1924 τοὸς
550 1853 772 1922 κατοικοῦντας
803 1849 839 1911 έν
868 1848 993 1928 αύταίςς
1032 1855 1086 1912 καὶ
1115 1856 1179 1914 ποῦ
1207 1855 1246 1912 τὰ
1275 1847 1501 1929 φιλάνθρωπα
1529 1850 1698 1930 σπλάγχνα
1728 1854 1782 1916 τοτ’

197 1952 330 2032 ἀγαθοῦ
360 1956 413 2016 τοῦ
449 1953 490 2035 μῆ
529 1954 600 2025 τούς
635 1951 818 2026 ἐλπίζοντας
853 1953 903 2015 ἐπ’
933 1952 1028 2018 αύτὸν
1067 1953 1400 2033 έγκαταλιμπάνοντος
1434 1954 1515 2036 μηδὲ
1552 1959 1783 2037 συγχωροῦντος

196 2060 415 2141 πειρασθῆναι
437 2056 560 2140 μηδένα
581 2055 660 2136 ύπλρ
682 2057 701 2119 ὅ
725 2055 890 2121 δύναται*·
913 2059 943 2120 εί
964 2058 993 2120 δ’
1016 2059 1212 2122 ἐναντιοῦται
1232 2062 1266 2121 τδ
1290 2056 1418 2139 πλῆθος
1439 2061 1491 2140 τῆς
1513 2061 1685 2140 πονηρίας,
1720 2056 1785 2140 ῆττς

193 2167 256 2226 νῦν
276 2162 318 2238 ῶς
340 2160 506 2226 οὐπώποτε
527 2165 570 2246 τῶ
592 2159 792 2246 ἀνθρωπίνῳ
813 2164 873 2246 βίῳ
895 2161 1126 2238 ἐνδυναστεύει,
1163 2160 1249 2224 ἀλλά
1280 2164 1342 2225 ποῦ
1371 2165 1405 2223 τδ
1435 2165 1493 2223 σὸν
1521 2159 1622 2235 αὖθις
1649 2166 1723 2244 περλ
1744 2165 1781 2224 τά

197 2269 326 2330 τοιαῦτα
350 2269 552 2347 θερμουργδν
573 2269 627 2325 καὶ
650 2264 859 2347 δραστῆρτονς
887 2269 948 2329 πού
970 2265 1000 2328 δ’
1023 2264 1041 2329 ό
1063 2267 1164 2340 οἶκτος
1185 2265 1304 2338 ἐκτίνος
1331 2263 1348 2327 ὅ
1378 2267 1458 2347 πρδς
1487 2265 1578 2327 ὅπαν
1599 2266 1633 2328 τό
1656 2265 1783 2345 πάσχον

199 2378 252 2435 καλ
274 2371 455 2450 ἀνιώμενον
461 2398 474 2449 ,·
495 2373 558 2433 πού
580 2368 636 2452 δίΙ
653 2373 813 2453 παρρησία
828 2374 882 2432 καὶ
898 2367 915 2452 ῆ
933 2373 1099 2450 πρεσβείας
1115 2371 1166 2456 Ιτδ
1181 2373 1244 2432 τῶν
1261 2369 1442 2448 θαυμάτων
1457 2369 1493 2431 δέ
1508 2374 1639 2452 σμῆνοςς
1706 2371 1783 2435 183²

199 2482 254 2540 καλ
276 2478 307 2540 τδ
330 2479 382 2559 τῆς
404 2476 559 2556 βοηθείας
581 2474 674 2551 τοῖχος
697 2489 746 2536 σοι
768 2479 848 2550 ποῦς
881 2472 999 2554 22δρᾷς
1022 2473 1060 2538 οὗ
1081 2474 1250 2558 προήχθην
1276 2472 1433 2546 ἀπονοίας
1462 2479 1515 2534 καλ
1543 2472 1673 2557 τόλμης·
1708 2474 1784 2537 δέον

198 2581 301 2663 μόνον
324 2580 455 2642 δείσθαι
476 2581 530 2638 καί
551 2571 705 2652 ἱκετεύειν,
729 2577 1005 2655 δικαιολογεῖσθαι
1026 2579 1209 2661 τεθάρρηκα
1232 2584 1285 2640 καὶ
1300 2576 1367 2640 οἷον
1382 2575 1528 2654 έγκαλεῐν
1548 2601 1580 2641 τε
1601 2583 1655 2640 καὶ
1677 2602 1783 2661 παρα·

197 2686 404 2769 μέμφεσθαι·
438 2680 626 2757 ἀνεξίκακον
647 2682 707 2764 γάρ
731 2700 781 2745 σοι
803 2687 857 2743 καὶ
878 2684 932 2766 τῆν
955 2683 1055 2765 φύσιν
1076 2681 1151 2745 οίδα
1183 2687 1237 2745 καὶ
1274 2683 1329 2765 τιΙν
1356 2685 1555 2764 προαίρεσιν·
1591 2682 1672 2745 ὅθεν
1694 2683 1728 2745 ἔκ
1750 2708 1781 2747 τε

198 2796 252 2874 τῆς
273 2794 404 2861 πίστεως
426 2789 460 2850 ἔκ
482 2810 512 2849 τε
534 2790 585 2870 τῆς
607 2783 749 2869 ἀνάγκης
769 2786 979 2870 έξεβιάσθην·
1011 2785 1082 2848 ἀλλ’
1104 2786 1200 2861 αδτδς
1222 2790 1303 2868 πρδς
1323 2785 1491 2870 ἀμφότερα
1513 2791 1683 2868 συμπαθὲς
1704 2786 1784 2850 ἀπο·

200 2895 276 2971 δῶν,
297 2896 353 2978 τῆν
374 2896 476 2955 πίστιν
497 2912 529 2953 τε
552 2890 643 2964 δέξαι
665 2895 719 2952 καὶ
739 2893 794 2974 τῆν
816 2889 960 2974 ἀνάγκην
982 2890 1080 2954 λῦσον
1101 2890 1157 2955 διά
1179 2893 1235 2974 τῆν
1257 2895 1377 2954 πίστιν·
1411 2896 1505 2975 στῆθι
1527 2893 1681 2972 πρέσβυς*
1703 2896 1783 2976 θερ-

195 2999 331 3082 μότατος
353 2997 431 3076 ὅπερ
454 2997 573 3074 κόσμου
596 2999 869 3076 κακουχουμένυυ,
902 3001 955 3058 καὶ
982 2998 1081 3080 στήτω
1112 2996 1156 3069 είς
1177 2993 1280 3078 αύραν
1303 2995 1320 3079 ῆ
1342 3001 1405 3058 τῶν
1428 2996 1603 3079 συμφορῶν
1633 3001 1783 3071 καταιγίς.

199 3104 399 3186 ἐπιτίμησον*
422 3099 482 3183 ῆδη
504 3108 567 3172 τοίς
590 3094 720 3178 ἀνέμοις
741 3103 804 3161 τῶν
826 3104 1022 3181 πειρασμῶν,
1052 3105 1105 3162 καὶ
1127 3101 1299 3163 κοπασάτω
1320 3105 1415 3164 ταῦτα
1437 3103 1475 3163 τά
1498 3104 1642 3182 κύματα·
1677 3103 1783 3178 δείξον

199 3211 243 3273 ἐτι
265 3213 319 3271 καλ
341 3211 400 3269 νὸν
420 3209 476 3289 τῆν
498 3205 586 3283 λσχὸν
607 3208 660 3284 τῆς
682 3204 736 3286 σῆς
765 3204 966 3280 δυναστείας,
995 3209 1049 3265 καὶ
1078 3203 1190 3290 πολλῶ
1219 3205 1344 3285 μᾶλλον
1373 3209 1442 3281 νύν,
1475 3205 1511 3266 έν
1539 3218 1663 3289 καιροῖς
1693 3230 1783 3289 περι-

198 3315 339 3378 στάσεων
362 3310 520 3374 πλειόνων
542 3313 595 3370 καλ
616 3310 807 3390 βαρυτέρων,
830 3312 909 3388 μίαν
931 3310 1067 3384 ἔντευξιν
1089 3310 1131 3371 ὅτι
1153 3312 1233 3394 πρδς
1255 3310 1337 3374 θεδν
1359 3307 1436 3394 ῆμτν
1453 3312 1594 3391 χάρισαι,
1617 3313 1782 3394 ἐπωφελε-

197 3418 312 3502 στάυην
333 3415 469 3499 ἀληθῶς
489 3417 543 3475 καὶ
565 3411 729 3494 σωτήριον,
759 3417 811 3474 καὶ
832 3412 960 3496 είρῆνην
977 3417 1037 3493 μὲν
1059 3415 1198 3488 ἔθνεσιν,
1231 3411 1383 3495 εὐνομίαν
1405 3408 1592 3491 δὲ’πδλεοι,
1621 3416 1782 3495 βασιλεύω

197 3523 320 3607 κρότος,
347 3519 496 3595 εὐταξίαν
517 3517 733 3601 στρατεύμασι,
756 3518 900 3603 καρΙποίς
920 3514 1087 3600 εὸφορίαν,
1109 3515 1233 3593 εὐεξίαν
1246 3528 1310 3592 τοίς
1326 3517 1427 3603 ζηόοις,
1449 3519 1639 3582 κατάστασιν
1706 3523 1783 3587 184¹

197 3628 275 3690 καθ’
298 3627 376 3690 ὅλου
397 3636 461 3698 τοῖς
484 3622 648 3706 πράγμασι
671 3627 725 3683 καὶ
746 3622 888 3705 γαλῆνην
902 3625 944 3708 τῷ
958 3620 1066 3706 κόσμῳ
1081 3625 1244 3703 σταθερὰν
1258 3625 1445 3705 βράβευσον,
1469 3621 1512 3696 ῶς
1536 3625 1580 3686 ἀν
1595 3624 1782 3704 ἐλευθερίας

196 3730 338 3811 τυχόντες
359 3734 413 3792 καλ
435 3731 489 3812 τῆς
509 3732 572 3792 τῶν
587 3728 770 3792 λυπούντων
785 3727 899 3791 τούτων
915 3725 1114 3808 ἀπαλλαγῆς,
1137 3722 1314 3791 κάντεῦθεν
1327 3725 1490 3800 εὸέλπιδες
1503 3728 1666 3809 γενόμενοι
1682 3730 1782 3792 πλέον

196 3843 249 3898 καί
271 3842 343 3920 περὶ
363 3839 417 3918 τῆς
438 3834 565 3898 έκείθεν
586 3833 621 3895 ἐκ
644 3836 701 3897 συῦ
730 3830 993 3914 προσδοκωμένης
1021 3829 1097 3913 ῆμίν
1122 3830 1307 3913 ἐπικουρίας
1337 3838 1391 3894 καλ
1422 3837 1613 3913 προσταῶας
1644 3828 1695 3920 (οὗ
1728 3841 1783 3898 καί

192 3939 320 4024 μᾶλλον
342 3940 489 4020 δεύμεθα
513 3940 567 4003 διά
589 3941 645 4002 τόν
667 3939 764 4010 ὅντως
786 3937 918 4016 ἔσχατον
939 3938 1002 3998 τῶν
1023 3933 1204 4018 κινδύνων),
1226 3936 1469 4018 προθυμότερον
1483 3937 1527 4000 ἔτι
1547 3955 1596 4000 σοι
1618 3942 1673 3999 καὶ
1687 3939 1782 4021 φιλο-

194 4046 354 4127 τιμότερον
374 4044 512 4126 τελῶμεν
533 4047 570 4108 τά
592 4043 789 4126 χαρισιῆρια,
809 4040 1038 4122 μεγαλύνοντες
1053 4039 1123 4120 οἶμα
1135 4042 1190 4101 τὸν
1202 4043 1283 4102 θεδν
1297 4045 1350 4124 τῆς
1363 4041 1486 4125 είρῆνης
1508 4046 1562 4103 καί
1576 4043 1629 4106 τού
1644 4041 1781 4118 έλέους*,

192 4155 247 4213 τὸν
269 4150 304 4212 ἐν
326 4155 421 4230 πατρὶ
444 4154 498 4211 καλ
520 4145 580 4235 υὸηὸ
603 4153 656 4210 καὶ
678 4148 758 4230 ἁγίῳ
773 4144 927 4225 πνεύματι
941 4144 1227 4227 προσκυνούμενον,
1251 4144 1292 4207 δι’
1308 4146 1346 4208 ὅν
1360 4143 1454 4219 αύτὸς
1471 4149 1600 4211 τοιαῦτα
1615 4145 1779 4229 ῆγῶνισαι,

191 4259 246 4316 καί
268 4256 345 4336 παρ’
367 4249 405 4319 ού
426 4257 560 4319 τοιαὸτα
584 4252 768 4328 δεδύξασαι,
792 4249 838 4311 ὅτι
860 4247 946 4334 αὐτῷ
969 4252 1060 4312 πάσα
1084 4248 1165 4324 δόξα
1188 4255 1242 4311 καί
1265 4251 1334 4332 τιμῆ
1351 4252 1475 4332 πρέπει,
1499 4255 1556 4315 νὸν
1578 4257 1631 4315 καὶ
1652 4252 1703 4315 αἐλ
1725 4257 1779 4315 καλ

189 4358 236 4431 είς
257 4364 329 4432 τούς
352 4358 474 4431 αίῶνας
496 4361 559 4421 τῶν
581 4356 718 4422 αλῶνων.
764 4352 860 4436 ἀμῆν.

277 4465 369 4532 1⁸1.
403 4461 559 4548 ,Ἰωάννου
581 4465 635 4525 τοῦ
656 4459 830 4538 άγιωτάτυυ
860 4457 1089 4542 μητροπολίτου
1112 4458 1276 4538 Εύχαίτων
1305 4457 1400 4536 λόγος
1426 4460 1472 4534 είς
1501 4463 1557 4544 τῆν
1577 4459 1704 4547 μνῆμην
1726 4467 1781 4529 τοῦ

181 4563 329 4646 ,μεγάλου
350 4566 591 4650 τροπαιοφόρου
613 4568 689 4646 μετὰ
712 4566 814 4646 τρίτην
835 4559 958 4644 ἡμέραν
979 4567 1036 4627 τοὸ
1056 4562 1166 4644 πάσχα
1188 4559 1377 4647 πλεομένην
1397 4563 1458 4630 εύο.

280 4667 332 4731 ¹⁸0
354 4669 461 4753 κύριος
482 4670 696 4753 ἐβασίλευσεν·
720 4665 936 4745 ἀγαλλιάσθιο
959 4668 977 4751 ῆ
1000 4671 1072 4753 γῆ*·
1096 4672 1167 4731 τίνα
1189 4667 1252 4752 γάρ
1274 4670 1316 4730 ὅν
1336 4669 1458 4752 ἐξεύροι
1479 4694 1523 4744 τις
1542 4669 1654 4754 έτέραν
1675 4670 1778 4758 ἀρχτΙν

261 4840 289 4874 τι
309 4821 399 4876 Iorem
418 4829 449 4876 τί
465 4823 533 4891 (ly),
551 4841 566 4890 9
583 4825 588 4889 Ι
604 4841 632 4875 21
653 4819 770 4875 Corinth
790 4840 808 4870 ο
827 4839 866 4883 το,
885 4839 913 4887 ¹3
930 4822 935 4884 Ι
951 4839 981 4874 ττ
999 4826 1108 4891 πρεσβιτ
1127 4821 1214 4877 codex
1230 4824 1236 4892 Ι
1252 4840 1281 4875 ττ
1298 4821 1392 4876 Matth
1411 4828 1434 4886 8,
1453 4827 1482 4876 2⁶
1498 4823 1504 4888 Ι
1520 4842 1549 4876 22
1568 4821 1645 4877 Hebr
1664 4842 1703 4890 ις,
1720 4843 1752 4877 το
1769 4821 1775 4898 Ι

177 4909 203 4943 -ο
221 4894 249 4945 λι
267 4892 370 4959 codex,
398 4893 522 4964 nuper
541 4913 556 4945 v
575 4893 681 4962 scripto
697 4892 730 4961 Ιι
752 4889 845 4946 ΡεοΙω
862 4889 898 4953 (ἐς
918 4911 928 4944 1

1413 5003 1456 5067 18
