4560 6172
524 480 586 546 160
1907 479 1990 547 183
2013 480 2100 547 184

517 656 570 714 καί
591 655 624 714 τό
648 651 794 730 διοχλοῦν
816 649 953 733 άζημίως
983 656 1035 712 καί
1064 648 1215 730 υλβλαβῶς
1245 650 1487 734 άποτρέπουσα,
1518 651 1560 713 ίν’
1591 649 1688 723 οὕτως
1719 647 1793 729 ἡμῖν
1827 651 2035 727 πανταχόθεν
2064 659 2098 711 τό

517 755 663 837 άσφαλὲς
684 755 738 819 διοί
761 757 815 839 τὴν
838 757 895 837 σην
923 753 1018 834 χάριν
1047 755 1171 834 ἔχουσιν
1203 755 1259 842 ἐξῇ
1286 754 1474 837 μεγαλύνειν
1505 773 1537 816 σε
1560 761 1613 817 καὶ
1636 753 1782 827 δοξάζειν
1804 751 1854 814 άεί
1876 756 1931 836 την
1953 756 1986 816 τὸ
2009 757 2102 828 γένος

517 859 606 941 ημῶν
628 857 800 941 ὑπερφυῶς
820 859 1061 940 μεγαλύνασαν·
1099 858 1145 921 ότι
1167 862 1236 920 ow
1258 863 1348 922 πάσα
1371 859 1452 933 δόξα
1475 861 1589 938 πρέπει
1611 863 1663 920 καὶ
1685 861 1729 940 τηί
1752 862 1797 942 σηί
1818 856 1901 941 τόκῳ
1923 859 1981 921 σύν
2004 863 2100 937 πατρί

516 987 544 1026 τε
568 969 621 1024 καί
644 964 799 1040 πνεύματι
821 968 882 1028 νύν
904 969 957 1026 καί
978 965 1024 1036 είς
1045 965 1114 1036 τούς
1135 964 1267 1036 αλῶνας.
1313 962 1407 1045 α’μην.

605 1069 699 1135 1811.
741 1065 889 1131 Ἰωάννου·
911 1071 964 1132 τοῦ
986 1064 1160 1144 όγιωτότου
1181 1067 1409 1149 μητροπολίτου
1434 1065 1594 1146 Εὐχαίτων
1627 1064 1851 1147 προσφώνησις
1883 1063 1963 1145 πρδς
1984 1066 2041 1126 τόν
2063 1063 2099 1125 ἐν

519 1169 683 1251 Εὐχαίιοις
707 1170 798 1245 λαόν,
821 1171 872 1234 δτι
893 1174 1018 1252 πρῶτον
1039 1171 1151 1254 ἐπέστη
1173 1174 1208 1259 τῇ
1230 1171 1388 1254 ἐκκλησίᾳ.

474 1285 479 1292 “
604 1273 814 1350 ιἘπίστευσα,
838 1275 878 1338 δι’
901 1276 918 1336 ὃ
940 1274 1103 1358 έλάλησα,
1128 1280 1224 1359 φησίν
1246 1275 1264 1337 δ
1288 1278 1377 1348 θεῖος
1399 1274 1531 1353 Δαβίδί,
1553 1272 1705 1349 άξιωθείς
1719 1274 1894 1354 μυστηρίων
1906 1260 2108 1352 βαθυτέρωνΙ

516 1378 763 1460 ἀποκαλύψεως,
799 1386 852 1441 καί
875 1378 961 1460 ἡμεῖς
984 1376 1040 1443 ούν
1063 1378 1262 1459 πιστεύομεν,
1295 1379 1336 1442 δι’
1359 1380 1377 1441 ὃ
1399 1385 1453 1440 καί
1474 1378 1662 1458 λαλοῦμεν*,
1694 1382 1748 1438 ίνα
1772 1380 1826 1437 καὶ
1848 1374 1865 1436 ό
1889 1379 1988 1455 μέγας
2009 1374 2096 1438 α’πό-

516 1483 623 1557 στολος
652 1482 878 1568 συνεφάφηται
900 1487 943 1565 τῷ
965 1482 1050 1567 λόγῳ
1073 1487 1135 1544 τῶν
1157 1488 1344 1563 προοιμίων.
1376 1486 1419 1555 τίς
1448 1480 1504 1547 οὐν
1532 1479 1549 1565 ἢ
1583 1484 1685 1553 πίστις
1713 1480 1752 1564 ἢν
1773 1478 2007 1558 ἐπιστεύσαμεν,
2042 1485 2096 1541 καί

515 1586 532 1652 ό
558 1588 669 1664 λόγος,
702 1588 799 1669 όνπερ
823 1587 997 1668 λαλοῦμεν,
1031 1590 1162 1650 ποθεῖτε
1183 1587 1263 1666 τάχα
1289 1590 1427 1667 μαθεῖν,·
1459 1589 1576 1666 έτοιμοι
1599 1584 1744 1659 διδάξειν
1766 1582 1870 1667 ἡμεῖς·
1905 1582 2037 1665 ὐρκτέον
2060 1585 2096 1647 δὲ

517 1691 625 1764 τύτως.
672 1690 774 1779 2οίκοῇ
804 1695 863 1771 μὲν
892 1688 970 1762 αὐτὸς
1000 1695 1053 1751 καί
1083 1686 1177 1763 αὐτός
1204 1697 1237 1753 τό
1268 1689 1421 1771 πρότερον
1444 1691 1559 1772 ἤκουον
1579 1694 1616 1751 τά
1639 1693 1691 1771 τῆς
1714 1689 1793 1751 καθ’
1815 1689 1898 1766 ὑμᾶς
1920 1688 2095 1772 ἐκκλησίας,

516 1801 569 1878 τη“ς
591 1800 788 1877 περιφανοῦς
809 1795 918 1880 ταύτης
940 1795 1020 1871 λέγω
1043 1799 1096 1856 καί
1117 1794 1302 1877 διαβοήτου,
1323 1793 1578 1876 πλεονεκτήματα
1585 1841 1597 1868 ,
1623 1791 1666 1865 τίς
1688 1797 1747 1871 μὲν
1769 1794 1830 1872 ἔχει
1851 1796 2025 1871 μεγέθους,
2047 1791 2096 1854 ότι

516 1902 696 1980 συμμέτρως
717 1898 801 1975 ἄγαν
823 1904 877 1960 καί
898 1898 1128 1985 άποΙχριόντως,
1152 1895 1194 1972 ῶς
1217 1899 1252 1960 δέ
1274 1898 1410 1972 κάλλους
1434 1905 1487 1960 καί
1502 1900 1666 1980 σχήματος,
1687 1897 1732 1960 ὅτι
1755 1900 1950 1975 θαυμαστῶς
2015 1896 2095 1960 221²

515 2009 569 2065 καί
592 2005 762 2084 λαμπρῶς,
797 2003 884 2075 ὅπως
905 2026 936 2066 τε
957 2006 1063 2085 χρυσῷ
1085 2006 1138 2065 καί
1167 2001 1294 2087 α’ργύρφ
1328 2007 1381 2063 καί
1412 2006 1538 2083 γραφῆς
1565 1999 1737 2081 εὐπρεπείᾳ
1768 2006 1821 2060 καί
1843 1999 1990 2083 ψηφῖδας
2011 1998 2094 2088 αὐγῇ

501 2111 569 2168 ’καί
598 2106 702 2168 λίθων
727 2103 855 2186 εὐχροίρ
886 2106 1072 2186 περιστίλβει
1102 2110 1192 2168 πάσα
1223 2109 1276 2168 καί
1307 2105 1563 2186 καταλάμπεται,
1597 2106 1641 2167 ἔτι
1675 2103 1711 2168 δὲ
1743 2107 1797 2164 καί
1826 2107 1881 2166 τόν
1912 2101 2094 2185 πρόσθετον

516 2210 634 2291 κόσμον
660 2207 703 2282 ῶς
732 2208 874 2291 περιττοί,
908 2209 981 2281 ὅσος
1006 2233 1038 2273 τε
1066 2210 1102 2273 έν
1123 2206 1289 2292 ὑφάσμασι
1311 2214 1365 2270 καί
1385 2209 1459 2281 ὅσος
1480 2209 1515 2272 ἐν
1537 2206 1668 2283 σκεύεσι,
1692 2207 1893 2271 πολυτελέσιν
1914 2209 2017 2271 ἅπασι
2040 2214 2095 2270 καί

515 2314 682 2393 λαμπροῖς,
704 2312 896 2390 τιμιωτάτοις
917 2314 972 2397 την
992 2312 1079 2396 ὕλην,
1101 2314 1251 2388 ἐξαισίοις
1273 2314 1328 2394 τὴν
1348 2313 1509 2392 ἐργασίαν,
1533 2316 1587 2374 καί
1601 2313 1635 2375 τδ
1657 2312 1693 2386 ἐξ
1713 2310 1904 2394 άμφοτέρων
1925 2311 2096 2393 φιλότιμον

515 2417 721 2495 πανταχόθεν
743 2416 929 2492 πλουτοῦσι,
958 2418 1013 2500 την
1035 2418 1070 2479 ἐκ
1093 2416 1275 2497 λαμπάδων
1305 2421 1357 2478 καί
1379 2415 1503 2494 λύχνων
1530 2439 1560 2478 τε
1589 2414 1781 2497 πολύφωνον
1809 2418 2011 2497 φρυκτωρίαν
2040 2422 2094 2477 καί

516 2520 548 2583 τό
567 2530 631 2593 τοῖς
651 2521 770 2602 γηίνοις
791 2516 923 2602 α’στράσι
946 2521 1062 2595 τούτοις
1082 2519 1284 2600 ἁμιλλᾶσθαι
1306 2520 1384 2603 πρὸς
1405 2522 1443 2583 τὰ
1466 2521 1612 2601 οὐράνια.
1657 2518 1777 2583 8ταῦτα
1796 2521 1855 2599 μὲν
1877 2517 1936 2606 (ῶς
1950 2522 1993 2580 άν
2006 2523 2091 2582 είποι

515 2625 573 2710 τις)
596 2626 632 2687 τό
656 2624 724 2687 κατ’
744 2623 840 2688 αὐτόν
860 2628 915 2687 τόν
937 2624 1028 2699 ναόν,
1051 2623 1088 2686 τά
1113 2624 1149 2686 δὲ
1171 2630 1241 2705 περί
1263 2622 1360 2688 αὐτόν
1381 2622 1475 2688 οὐδὲν
1497 2622 1572 2689 οὐδὲ
1594 2621 1672 2686 αὐτοὶ
1696 2622 1878 2707 ἐνδεέστερα
1900 2629 1981 2708 πρὸς
2003 2624 2093 2689 θαύ-

516 2751 614 2809 ματος
635 2727 739 2805 λόγον,
762 2728 935 2810 ολκοδομάς
957 2752 987 2792 τε
1008 2728 1089 2805 λέγω
1111 2727 1321 2802 παντοδαπός
1342 2732 1395 2789 καί
1417 2731 1583 2810 χρημάτων
1605 2726 1782 2808 προσόδους
1809 2734 1863 2790 καί
1882 2734 1938 2812 γῆς
1960 2733 2094 2810 καρπῶν

517 2830 686 2914 εύφορίας,
717 2831 823 2915 χάρας
851 2855 882 2896 τε
903 2832 994 2913 βαθύ
1015 2833 1103 2905 κύτος
1130 2830 1298 2915 εὔχρηστον
1327 2838 1380 2893 καί
1402 2831 1589 2914 πολυφόρον
1612 2837 1666 2893 καί
1688 2834 1792 2915 πηγός
1813 2831 1939 2897 ύδάτων
1961 2831 2095 2917 ἡδίστων

517 2942 570 2998 καί
592 2936 672 2998 ίδεῖν
705 2941 759 2998 καί
780 2945 874 3012 πιεῖν,
896 2938 1102 3020 βοσκημάτων
1123 2935 1241 3014 όγέλας
1262 2960 1293 2999 τε
1315 2940 1369 2998 καί
1390 2936 1518 3019 πλῆθος
1540 2945 1707 2999 συνοικιῶν
1740 2940 1794 2998 καί
1823 2943 1891 2999 πᾶν
1912 2941 1943 3000 εί
1961 2962 1988 3000 τι
2008 2937 2092 3002 ἄλλο

516 3042 702 3126 (συνελόντα
723 3043 839 3124 ελπεῖν)
860 3041 1069 3124 εὐδαιμονίαν
1089 3046 1177 3105 οἴκου
1200 3047 1354 3127 συνίστησι
1376 3041 1446 3129 nul}
1462 3041 1675 3122 λαμπρότητα.
1719 3039 1774 3103 4τί
1794 3041 1828 3104 τό
1842 3042 1949 3120 μεῖζον
2014 3046 2093 3109 222¹

518 3144 703 3228 παρῆλθον,
734 3148 818 3224 εἴγε
839 3146 1028 3230 παρῆλθονς
1060 3147 1115 3209 τόν
1143 3145 1286 3209 ἐκλεκτόν
1316 3145 1396 3208 λαόν
1418 3149 1535 3220 τοῦτον,
1561 3148 1715 3207 τὰτέκνα
1738 3145 1834 3221 Σιαίν,
1868 3150 1905 3208 τά
1929 3151 2015 3226 τίμια
2038 3153 2093 3210 καί

517 3244 679 3312 ίσοστάσια
701 3253 839 3334 χρυσίου,
861 3260 898 3313 τοί
922 3252 1053 3334 ἔμψυχα
1075 3249 1291 3334 α’ναθηματα,
1325 3250 1379 3313 τόν
1406 3247 1449 3321 ῶς
1471 3247 1604 3333 άληθῶς
1630 3249 1878 3330 εὐπρεπέστατον
1901 3252 2019 3330 κόσμον
2041 3257 2094 3336 τῆς

516 3353 695 3436 ἐκκλησίας,
724 3357 794 3428 τούς
818 3354 931 3428 λίθους
953 3357 1024 3428 τους
1045 3354 1250 3436 πολυτίμοις,
1282 3356 1317 3431 ἐξ
1339 3349 1385 3416 ὧν
1406 3352 1503 3436 αὐτην
1524 3355 1658 3435 Χριστός
1679 3357 1892 3436 συνεπήξατο,
1926 3354 2020 3430 αύτίς
2042 3359 2097 3418 καί

516 3457 667 3538 θεμέλιος
688 3463 741 3520 καί
763 3458 1009 3541 α’κρογωνιαῖος*
1031 3458 1215 3539 γενόμενος·
1244 3457 1326 3539 ύμᾶς
1350 3458 1409 3542 η’δη
1431 3457 1528 3535 λέγω,
1562 3459 1594 3520 τιί
1617 3459 1709 3534 όγιον
1730 3456 1845 3532 ἔθνος,
1876 3457 1909 3520 τό
1932 3459 2095 3535 βασίλειον

516 3562 714 3647 λεράτευμα*,
735 3565 790 3645 την
810 3563 1009 3647 ἐπιθυμητὴν
1030 3565 1144 3645 μερίδα
1167 3566 1286 3644 κυρίου,
1308 3563 1362 3628 τόν
1383 3564 1543 3643 ἐξαίρετον
1565 3561 1691 3645 κλῆρον,
1714 3563 1746 3625 τό
1769 3562 1913 3625 ἐκλεκτόν
1935 3567 2093 3643 ποίμνιον,

418 3704 421 3711 -
519 3670 667 3745 ποίμνιον
688 3670 746 3745 μὲν
769 3670 849 3730 θεοῦ
870 3669 924 3731 τοῦ
946 3671 1169 3748 ποιμαίνοντος
1196 3669 1250 3731 τὸν
1272 3666 1435 3752 α’γαπητον
1455 3666 1594 3749 Ἰσραήλ,
1629 3669 1777 3746 ποίμνιον
1799 3665 1834 3728 δὲ
1857 3672 1911 3728 καὶ
1931 3668 2010 3746 ἐμόν
2032 3669 2093 3751 η’δη

517 3773 573 3836 τού
594 3773 674 3852 πρός
695 3773 903 3853 ποιμαντικην
923 3769 999 3850 ύμῖν
1020 3771 1071 3837 ὑπ’
1093 3772 1189 3838 αὐτοῦ
1211 3775 1286 3852 παρ’
1308 3772 1424 3836 ἐλπίδα
1447 3775 1557 3833 πᾶσαν
1578 3769 1820 3848 ἐκλελεγμένον,
1850 3771 2012 3851 ἐλαχίστου
2033 3777 2094 3854 μὲν

518 3880 592 3947 ἴσως
613 3875 649 3938 ἐν
671 3871 751 3949 υίοῖς
771 3873 970 3956 άνθράπων,
999 3875 1103 3958 ῶσπερ
1134 3877 1260 3940 πάλαι*
1281 3875 1386 3956 Δαβὶδ
1413 3875 1449 3938 έν
1479 3871 1559 3947 υἱοῖς
1576 3871 1712 3949 Ἰεσσαί,
1745 3872 1898 3955 άδελφῶν
1919 3874 1955 3938 δὲ
1984 3875 2094 3939 ἄλλων

518 3979 648 4042 πολλῶν
675 3978 827 4061 μειζόνων
858 3984 911 4041 καί
938 3981 1121 4062 κρειττόνων
1149 3985 1395 4065 προκεκριμένον
1424 3978 1470 4054 οίς
1496 3978 1645 4062 εὐδόκησε
1677 3981 1824 4059 κρίμασιν
1853 3975 1870 4040 ό
1901 3981 2010 4061 σοφῶς
2041 3984 2096 4042 καί

519 4083 662 4167 α’ρρητως
683 4085 900 4165 κυβερνῶντα
923 4083 1065 4167 ἡμέτερα.
1122 4084 1300 4158 5τοσούτοις
1329 4083 1486 4165 ὀνόμασιν
1515 4083 1599 4163 ὑμᾶς
1621 4082 1784 4161 δεξιοῦμαι
1806 4083 1875 4154 τούς
1896 4083 1967 4162 ἐμοὶ
1989 4084 2095 4157 καλῶς

518 4187 740 4270 κληρωθέντας
756 4225 789 4237 -
805 4191 851 4270 είη
864 4188 900 4251 δὲ
914 4189 1014 4252 είπεῖν
1035 4193 1088 4251 καί
1103 4188 1136 4252 τό
1160 4190 1298 4269 ἔμπαλιν
1320 4187 1366 4252 ὅτι
1389 4194 1442 4250 καί
1464 4188 1568 4261 καλῶς
1590 4185 1858 4273 κληρωσαλμένους
1876 4187 1949 4267 ἐμέ·
2016 4189 2096 4254 2222

520 4292 663 4365 τοιούτοις
694 4296 871 4373 προοιμίοις
898 4298 975 4373 τιμῶ
1004 4294 1073 4367 τούς
1102 4293 1136 4355 ἐκ
1166 4297 1259 4367 θείας
1290 4293 1406 4374 ψόφου
1439 4292 1596 4372 λαχόντας
1625 4317 1665 4373 με
1694 4297 1748 4354 καί
1776 4292 1833 4364 οὐς
1855 4290 2095 4366 ἐκεῖθενιαύτδς

518 4395 636 4476 ἔλαχόν
657 4419 687 4459 τε
709 4401 763 4458 καί
785 4397 911 4476 ἔλαβον,
942 4394 988 4459 ῶν
1009 4397 1065 4462 οὐκ
1085 4399 1147 4477 ἔχω
1168 4401 1196 4462 τί
1218 4400 1343 4480 πρῶτον
1375 4399 1536 4478 θαυμάσω
1567 4403 1620 4461 καί
1650 4397 1869 4476 α’ποδέξομαι,
1900 4398 1934 4458 τὸ
1958 4396 2097 4479 πλῆθος,

519 4505 573 4584 την
594 4499 751 4577 εὐταξίαν,
784 4507 838 4584 τη“ν
861 4504 972 4576 πίστιν,
1006 4505 1062 4583 την
1083 4500 1276 4585 θερμότητα,
1311 4504 1365 4584 την
1387 4500 1521 4576 σύνεσιν,
1553 4507 1607 4584 την
1629 4501 1809 4579 εὐλάβειαν,
1842 4503 1897 4581 την
1928 4499 2098 4580 εὐκοσμίαν

519 4609 573 4668 τοῦ
596 4605 716 4688 η’θους,
749 4609 783 4668 τδ
805 4612 858 4668 τοίΙ
881 4605 977 4683 λόγου
999 4607 1133 4686 καίριον,
1166 4609 1199 4669 τό
1222 4610 1275 4688 τῆς
1296 4610 1416 4689 σιωπῆς
1437 4605 1577 4682 εὔλογον,
1611 4612 1665 4689 την
1688 4610 1759 4687 περί
1780 4605 1817 4667 τοί
1842 4606 1921 4664 θεῖα
1944 4603 2096 4686 σπουδην,

518 4827 560 4882 Ro
592 4755 1737 4882 tooufifi11?Psalmpu1lxGom,1314Ephes2,2oPetrssz,614P0tr
1755 4776 1772 4807 α
1793 4775 1816 4819 2,
1835 4758 1902 4822 914
1920 4755 2101 4824 Ρεαίιαρναῖ

561 4846 635 4897 gna
656 4848 667 4882 1
688 4869 694 4892 ,
714 4849 741 4882 τι
