4560 6172
509 510 569 575 102
2016 515 2093 581 177

498 685 630 759 βαίνων,
665 680 711 753 ελς
733 682 888 762 σωτηρίαν
909 676 1096 753 ίππάζεται*
1119 684 1174 745 τοῦ
1196 681 1313 742 οίκείου
1337 681 1438 758 λαοῦ,
1461 685 1646 761 περιουσίαν
1668 682 1837 763 δυνάμεως
1860 689 1911 745 καὶ
1934 684 2094 766 ἐνεργείας

497 783 627 869 ὀξύτητα
653 787 848 862 θαυμαστῶς
869 783 1040 865 έμφαίνων
1061 787 1097 871 τή
1120 783 1277 863 ἱππασίης,
1309 791 1314 868 Ι
1342 789 1395 846 καί
1425 788 1580 865 προνοίας
1609 787 1753 866 χαλινοῖς
1781 791 1947 867 θειοτέρας
2016 789 2094 854 125²

498 887 608 961 αύτούς
630 911 661 949 τε
684 888 862 968 πανσόφως
883 894 938 950 καὶ
960 889 1043 971 ήμάς
1065 888 1107 950 δι’
1130 888 1260 950 ἐκείνων
1280 887 1428 970 ἡνιοχῶν.
1456 889 1545 968 ἅρμα
1559 893 1629 969 μέν,
1653 890 1738 953 ἀλλά
1765 891 1940 972 φλόγινον,
1977 888 2093 954 ὁποῖον

496 990 600 1054 έκεῖνο
620 995 653 1053 τι)
677 990 798 1052 πάλαι*
820 993 875 1054 τόν
895 991 1006 1054 Ἠλίαν
1028 991 1184 1072 ἁρπάσαν
1205 992 1250 1065 είς
1272 992 1424 1074 ούρανόν.
1443 999 1537 1056 ίπποι
1558 992 1628 1072 μέν,
1653 992 1738 1055 ἀλλά
1762 995 1902 1075 πύρινον·
1926 998 2009 1059 θεοῦ
2028 997 2090 1076 γάρ

497 1099 551 1155 καί
582 1098 686 1156 θεῖοι·
717 1096 794 1156 καθ’
824 1097 846 1156 δι’
877 1101 930 1158 ταὶ
959 1101 1002 1180 τῷ
1033 1095 1156 1180 διπλῶ*
1188 1095 1312 1173 Ἠλίου,
1340 1095 1506 1182 Ἐλισσαίῳ
1536 1097 1617 1174 λέγω
1647 1102 1688 1180 τῷ
1717 1098 1823 1172 πάνυ,
1859 1102 2093 1178 συμμαχοῦντες

497 1195 718 1261 δπτάνονται*.

585 1300 700 1365 36ούτω
723 1304 805 1381 μέγα
828 1327 855 1364 τι
877 1305 982 1385 χρῆμα
1014 1305 1068 1363 καλ
1090 1302 1304 1364 παντοδαπόν
1330 1307 1384 1363 καὶ
1407 1302 1658 1386 πολόχρησιονή
1683 1302 1776 1386 φύσις
1799 1302 1817 1386 ἢ
1840 1311 1903 1366 τῶν
1925 1302 2086 1380 ἀγγέλων·

497 1408 536 1468 τά
566 1407 591 1467 τ’
623 1403 680 1470 ούν
709 1405 796 1467 ἀλλα
829 1407 934 1480 καλῶς
962 1410 1015 1467 καὶ
1045 1405 1088 1479 ῶς
1117 1405 1174 1469 οῦκ
1204 1406 1243 1488 ήν
1272 1405 1379 1478 ἄλλως
1410 1406 1543 1484 ἀμεινον
1574 1405 1648 1488 ήμίν
1679 1408 1898 1489 χρησιμεύουσι
1930 1409 2010 1486 πρδς
2032 1408 2088 1489 τήν

498 1510 642 1572 ἑκάστοτε
664 1512 784 1590 χρείαν,
808 1513 935 1593 καὶτῆς
958 1509 1120 1592 ύρωμένης
1143 1509 1352 1593 φαιδρότητος
1374 1510 1609 1593 καθεστήκασιν
1632 1515 1743 1586 αἴτιοι,
1776 1512 1874 1584 ἀλλος
1897 1509 2088 1590 ἀλλαχόθεν

499 1614 581 1696 ημᾶς
603 1613 864 1695 περιλάμποντες,
888 1619 941 1674 καὶ
962 1613 1078 1686 πάντες
1098 1617 1159 1692 μὲν
1180 1615 1325 1689 έξαιοίαν
1348 1612 1494 1695 ἀφιέντες
1517 1611 1627 1697 αῦγήν,
1650 1613 1729 1694 ὑπὲρ
1753 1611 1877 1687 πάντας
1899 1614 1935 1675 δὲ
1950 1614 2088 1694 μάλιστα

498 1717 560 1782 δύο
583 1717 623 1800 δή
644 1740 724 1789 τινες
746 1713 831 1779 οῦτοι
855 1718 909 1789 τάς
932 1717 1012 1796 έμάς
1034 1717 1270 1799 ἀμφοτέρωθεν
1292 1719 1582 1797 καταστράπτουσιν
1602 1718 1714 1800 όψεις,
1738 1719 1792 1790 οῦς
1813 1717 1880 1783 οὐδ’
1904 1718 1965 1797 ἔχω
1989 1737 2086 1798 προσ-

498 1822 624 1903 βλέψαι
647 1820 702 1883 διά
731 1826 766 1882 τὸ
795 1824 847 1903 τής
870 1821 980 1902 αίγλης
1001 1821 1253 1903 ὑπέρλαμπρον.
1284 1823 1406 1882 ἐοίκασι
1434 1820 1463 1882 δ’
1492 1817 1566 1895 οῦν,
1597 1823 1626 1882 ελ
1654 1826 1713 1900 μὲν
1734 1821 1829 1901 χορός
1850 1821 1935 1884 έστιν
1957 1818 2087 1894 ούτοςύ

498 1928 561 1988 τῶν
582 1922 751 2004 μυριάδων
772 1923 876 2003 έσμός,
901 1925 969 1986 ἐπεὶ
992 1929 1046 1986 καὶ
1067 1924 1160 2004 ᾄδειν
1182 1923 1327 2000 δοκοῦσι,
1351 1926 1547 2006 κορυφαίους
1577 1925 1659 2003 ἔχειν
1689 1923 1817 1997 αύτούς·
1849 1924 1878 1986 ελ
1901 1923 1936 1986 δὲ
1957 1925 2089 2004 στρατὸς

497 2026 727 2115 στήρήατηγούς·
749 2030 896 2092 τυσοῦτον
916 2033 979 2091 τῶν
1001 2027 1110 2090 ἀλλων
1129 2026 1291 2110 ὑπερέχειν
1312 2028 1443 2090 ἐοίκασι.
1465 2032 1657 2105 θαυμαστόν
1669 2029 1704 2090 δὲ
1716 2027 1825 2091 οῦδέν·
1850 2033 1904 2090 καὶ
1917 2026 2011 2111 ἀστήρ
2026 2029 2088 2108 γάρ

497 2114 788 2214 ἀστέροςδιαφέρει
802 2131 806 2216 λ
820 2130 856 2192 έν
871 2122 961 2219 δόξη,
985 2134 1064 2193 καθ’
1076 2132 1159 2211 ἀπερ
1171 2131 1356 2211 ἀκούομεν*,
1380 2133 1460 2211 πρδς
1473 2131 1509 2194 δὲ
1524 2135 1577 2193 καλ
1592 2128 1727 2214 δρῶμεν.
1752 2134 1825 2206 τούς
1839 2133 1876 2194 δὲ
1890 2134 1945 2195 τόν
2012 2134 2090 2198 1261

499 2235 596 2302 αύτδν
610 2239 669 2316 μὲν
685 2235 780 2311 λόγον
794 2234 877 2314 ἔχειν
892 2233 1027 2318 ἡγοῦμαι
1043 2237 1124 2318 πρδς
1137 2238 1207 2309 τούς
1221 2235 1340 2309 ἄλλους
1354 2233 1507 2311 ἀγγέλους
1530 2236 1568 2296 δν
1594 2231 1626 2297 οἱ
1654 2235 1714 2298 δύο
1735 2242 1896 2319 φωστῆρες
1917 2236 1999 2317 πρδς
2019 2240 2090 2308 τούς

498 2339 617 2412 ἄλλους
641 2338 798 2421 ἀστέρας,
831 2336 1060 2421 ύπεραίρεινδ
1083 2340 1127 2402 ἔτι
1148 2337 1313 2412 κάκείνους
1335 2337 1526 2418 ἀσυγκρίτως
1548 2349 1615 2413 ταῖς
1638 2340 1818 2419 ἀστραπαῖς
1847 2341 1926 2402 κατά
1950 2339 2034 2402 πολύ
2055 2341 2089 2402 τδ

497 2443 591 2518 είιτός,
614 2443 682 2506 έπεί
705 2447 758 2504 καλ
780 2453 845 2516 τοίς
866 2442 988 2527 ἥττοσιν
1009 2441 1155 2521 ἀγγέλοις
1177 2441 1194 2527 ή
1218 2442 1397 2529 λαμπηδῶν
1417 2440 1498 2524 ῦπὲρ
1528 2442 1646 2526 η’λιον*,
1679 2445 1758 2505 καθ’
1788 2443 1827 2506 δν
1853 2447 1908 2506 καὶ
1935 2446 1998 2506 τῶν
2028 2441 2088 2506 ἀν-

498 2545 645 2630 θρῶπων
667 2551 699 2610 σί
721 2546 839 2609 δίκαιοι
861 2544 1007 2632 λάμψειν
1034 2545 1295 2627 δμολογοῦνται*·
1327 2550 1381 2608 καὶ
1410 2546 1494 2622 ίδού,
1527 2547 1638 2610 πλείον
1669 2542 1733 2608 ιδδε
1760 2549 1824 2608 τῶν
1856 2545 2090 2626 ἀνθρωπίνων.

499 2650 651 2734 ἀλλήλοις
680 2653 788 2731 μέντοι
820 2654 873 2712 καί
903 2651 990 2714 πάνυ
1022 2654 1209 2732 συμβαίνειν
1239 2651 1285 2724 είς
1315 2648 1468 2730 ὁμοίωσιν
1498 2654 1692 2732 φαίνονται,
1724 2649 1835 2729 ὁμέν,
1858 2655 1910 2733 τῆς
1932 2653 2089 2733 προτέρας

498 2757 645 2836 λατρείας
669 2759 722 2816 καὶ
737 2754 906 2838 διαθήκης,
928 2752 1006 2829 δδέ,
1029 2757 1081 2837 τῆς
1102 2754 1249 2834 δευτέρας
1270 2756 1326 2836 τήν
1340 2755 1496 2836 έφορίαν*
1511 2757 1768 2834 πεπιστευμένος·
1789 2752 1807 2816 ὃ
1825 2756 1896 2833 μέν,
1918 2756 1973 2816 τόν.
1988 2756 2089 2833 νόμον

498 2858 700 2934 ἐπισκοπῶν,
722 2854 740 2919 δ
764 2858 811 2934 δέ,
834 2860 888 2941 τήν
910 2860 1006 2940 χάριν
1027 2858 1221 2939 οἰκονομῶν·
1254 2863 1308 2919 καὶ
1330 2856 1348 2920 ύ
1370 2860 1440 2940 μέν,
1463 2860 1518 2920 τὸν
1539 2858 1693 2933 παλαιόν,
1714 2855 1732 2919 δ
1756 2857 1804 2934 δέ,
1827 2857 1880 2919 τδν
1903 2861 1977 2919 νέον
1999 2857 2089 2935 ἀγων

498 2962 599 3025 λαόν·
623 2963 724 3044 ἄμφω
747 2966 810 3024 τῶν
832 2965 952 3024 πιστῶν
973 2963 1176 3041 προεστῶτες·
1209 2960 1310 3044 ἀμφω
1333 2964 1570 3043 συγκροτοῦντες
1591 2964 1647 3043 τήν
1674 2963 1882 3039 θεοσέβειαν·
1919 2964 1972 3042 τής
1993 2959 2088 3045 αύτής

498 3064 603 3141 ἀξίας,
629 3069 683 3127 καὶ
704 3068 805 3149 άμφω
827 3069 880 3148 τῆς
904 3063 998 3148 αύτής
1018 3069 1161 3146 χάριτος·
1183 3066 1246 3127 ἴσοι
1267 3068 1323 3148 τήν
1345 3065 1464 3141 δόξαν·
1487 3067 1549 3127 ίσοι
1571 3067 1627 3147 τήν
1648 3065 1795 3145 δύναμιν.
1816 3063 1929 3146 ήδιστα
1953 3064 2038 3127 δ’άν
2059 3089 2088 3128 τι

498 3174 552 3232 καλ
574 3173 863 3254 προσφθεγξαίμην
885 3166 1003 3241 αύτοίς.
1027 3166 1218 3230 ῃΔέσποτα·
1246 3171 1275 3230 τί
1296 3167 1503 3248 προστάσσεις
1532 3172 1575 3254 τῷ
1597 3172 1644 3253 σηῦ
1665 3169 1787 3254 οἰκέτης
1817 3171 1871 3228 καὶ
1899 3165 1993 3241 αύτδς
2024 3169 2086 3251 γάρ
2176 3187 2180 3195 ’

498 3281 580 3355 πρός
602 3276 636 3335 σὲ
658 3257 692 3336 τδ
712 3272 811 3356 Ἰησοῦ
831 3278 886 3334 καὶ
908 3272 1021 3351 πάσχω
1043 3276 1096 3333 καὶ
1119 3271 1210 3349 λέγω,
1233 3271 1324 3334 αίδοί
1343 3294 1374 3334 τε
1396 3275 1451 3333 καὶ
1474 3270 1567 3357 φόβφ
1590 3277 1644 3333 καλ
1661 3270 1793 3356 θάμήβει
1816 3289 1964 3356 κατεσχη-
2011 3272 2088 3337 126²

497 3381 603 3459 μένος,
627 3380 689 3438 κάν
710 3376 766 3456 οῦχ
788 3375 906 3457 δμοίως
927 3377 970 3440 ὅτι
993 3375 1126 3459 φρικτόν
1148 3391 1182 3437 σε
1202 3378 1279 3456 μετά
1304 3379 1357 3459 τῆς
1379 3375 1544 3459 ῥομφαίας
1565 3374 1642 3455 δρῶ,
1667 3375 1795 3458 Μιχαὴλ
1816 3372 1971 3458 ἑωσφόρε,
1996 3374 2088 3458 ἀρχι-

499 3482 647 3564 στράτηγε
678 3480 845 3559 δυνάμεως
873 3484 1001 3562 κυρίου·
1035 3478 1115 3544 ούτω
1144 3482 1207 3561 γάρ
1234 3479 1329 3552 αύιδς
1358 3480 1491 3542 σεαυτδν
1520 3477 1687 3557 ὀνομάζειν
1714 3478 1842 3558 μᾶλλον
1873 3477 1997 3560 φιλεῖς·
2034 3481 2087 3562 τής

495 3585 672 3668 μεταβολῆς
694 3584 730 3647 δέ
750 3585 785 3647 τδ
808 3586 910 3646 αἴτιον
916 3612 929 3663 ,-
957 3581 995 3649 ού
1015 3588 1077 3665 γὰρ
1099 3589 1153 3645 καλ
1176 3581 1251 3666 ήμίν
1271 3586 1465 3665 μαχομένοις
1486 3581 1701 3664 συμμαχήσων
1723 3583 1859 3664 ἀφῖξαι·
1889 3580 1974 3644 ἀλλὰ
1997 3585 2086 3647 τοῦτο

496 3691 557 3768 μέν
578 3688 614 3752 έν
635 3687 751 3770 έτέροις
771 3688 882 3777 χαρίζη
905 3688 1075 3760 πλεονάκις
1096 3698 1235 3769 καιροῖς,
1264 3689 1302 3750 τοὶ
1326 3686 1362 3749 δὲ
1384 3690 1442 3753 νῦν
1463 3682 1506 3760 ῶς
1527 3687 1572 3759 είς
1592 3684 1703 3769 ἑορτήν
1725 3687 1822 3758 ὄντως
1844 3683 1944 3768 η’κεις,
1974 3685 2087 3748 έσταλ-

496 3795 593 3873 μένος
614 3790 732 3875 ἑόρτια,
756 3795 809 3853 ταὶ
831 3790 977 3871 λαμπρός
998 3789 1154 3872 λαμπρῶς
1176 3792 1283 3873 πάρει,
1305 3791 1340 3853 τύ
1360 3793 1431 3870 μέν,
1453 3791 1655 3867 μεταδώσων,
1677 3792 1711 3853 τό
1734 3790 1781 3865 δέ,
1804 3795 1858 3851 καὶ
1874 3793 2086 3870 συμμεθέξων

456 3940 463 3953 .
498 3899 551 3979 τῆς
572 3894 777 3978 εὐφροσύνης.
823 3894 947 3975 88χαῖρε
971 3893 1009 3956 δέ
1027 3916 1083 3973 μοι
1106 3893 1234 3975 σφόδρα
1257 3898 1310 3955 καὶ
1332 3894 1381 3969 ού,
1404 3893 1604 3975 πρωτάγγελε
1626 3893 1746 3976 φαιδρέ
1768 3892 1920 3975 Γαβριήλ,
1944 3893 1961 3955 ύ
1986 3917 2086 3977 παρε-

497 4004 614 4084 στηκῶς
635 4000 775 4062 δνῶπιον
796 4003 850 4064 τοῦ
873 4002 970 4063 θεοῦ·
1001 4001 1097 4063 ταῦτα
1119 3995 1159 4079 δή
1182 4002 1219 4059 τά
1243 3999 1284 4059 σά
1308 3997 1417 4073 πάλιν,
1449 3998 1532 4081 πρός
1558 4020 1590 4060 τε
1621 4001 1791 4081 Ζαχαρίαν
1816 3996 1872 4061 τδν
1899 4002 2002 4078 μέγαν
2032 4007 2085 4061 καὶ

497 4109 552 4187 τήν
573 4103 671 4179 ἁγίαν
693 4106 874 4185 παρθένον,
904 4106 959 4164 καὶ
986 4105 1067 4184 πρός
1096 4101 1180 4185 η’μάς
1208 4101 1244 4164 δέ
1266 4101 1324 4182 οῦχ
1344 4098 1434 4185 ἧττον
1455 4101 1498 4164 δι’
1519 4100 1640 4186 ίκείνης
1668 4107 1722 4163 καὶ
1744 4104 1822 4183 παρ’
1845 4102 1975 4187 έκείνης.
2005 4101 2088 4167 ὅθεν

498 4210 564 4290 ἄρα
587 4213 640 4269 καὶ
662 4211 815 4288 χαίρομεν
836 4205 890 4268 έπί
911 4227 943 4267 τε
965 4215 1030 4279 τοῖς
1052 4203 1165 4279 ἀλλοις
1186 4206 1248 4269 ὅσα
1271 4205 1309 4289 δή
1333 4210 1449 4290 χρηστοὶ
1471 4208 1548 4286 παρ’
1569 4204 1658 4285 ύμῶν
1680 4207 1814 4288 όσχομέν
1834 4230 1866 4270 τε
1888 4212 1942 4268 καὶ
1964 4208 2086 4287 ἔχομεν,

496 4317 549 4374 ταὶ
573 4317 630 4378 νῦν
652 4313 704 4395 έφ’
726 4309 799 4392 ύμίν
820 4319 885 4383 τοίς
905 4312 958 4393 τῆς
979 4312 1179 4389 παγκοσμίου
1200 4313 1303 4389 χαράς
1324 4308 1555 4387 εύαγγελισταίς
1577 4315 1630 4372 ταί
1653 4309 1826 4384 διακόνοις·
1849 4311 1918 4376 έπεὶ
1939 4315 2008 4386 πῶς
2030 4309 2086 4378 ούκ

496 4416 619 4480 ἄτοπον
640 4416 724 4495 ύμάς
744 4417 804 4495 μὲν
826 4412 973 4487 ἅπαντας
994 4415 1134 4496 χαίρειν*
1155 4412 1210 4475 έπί
1230 4412 1302 4487 ένὸς
1324 4413 1415 4498 ἡμῶν
1435 4419 1500 4479 τῶν
1520 4414 1722 4497 ἁμαρτωλῶν
1742 4420 1895 4496 μετανοίᾳ
1921 4421 1977 4479 καλ
1999 4416 2088 4498 διορ-

498 4520 609 4596 θῶσει,
633 4518 718 4602 ἡμᾶς
740 4517 777 4580 δὲ
797 4519 840 4601 μή
865 4517 868 4602 λ
892 4523 981 4582 τοῦτο
1003 4516 1139 4598 πάσχειν
1160 4521 1338 4599 προθύμως
1367 4518 1420 4603 ἐφ’
1449 4518 1524 4599 ύμτν
1552 4517 1622 4601 ἅμα
1645 4523 1746 4582 πᾶσιν
1766 4520 1812 4594 είς
1834 4522 1943 4603 κοινήν
2011 4521 2088 4586 127¹

449 4701 451 4704 ’
566 4716 594 4765 35
615 4696 863 4768 Ρεελιαμδςήςς
883 4697 964 4768 Regu
984 4695 1157 4764 δτ,ιτ135
1178 4697 1218 4752 Re
1276 4697 1435 4766 δτ,9Ιςς
1455 4698 1724 4768 Regnd6,17l3⁶
1744 4699 2004 4770 ονιιιριιοισοι
2024 4701 2089 4774 ἀρχ-

494 4769 617 4838 αγγίλων
637 4768 809 4822 δίαδιιιιυαδ
824 4789 827 4817 ι
844 4774 874 4836 36
892 4768 1011 4824 Corinth
1025 4789 1043 4822 α
1054 4787 1131 4837 ις,4ι
1147 4770 1154 4833 Ι
1169 4773 1200 4835 ³⁶
1240 4769 1260 4798 ¹¹²
1278 4774 1425 4840 τημείιιται
1440 4785 1492 4839 ρετ
1508 4769 1665 4839 seriptum
1683 4773 1882 4842 compendium
1901 4774 2086 4844 βτυάειαιιπάή

494 4844 524 4907 3⁶
543 4840 645 4895 Daniel
665 4859 702 4906 ιτ,
722 4847 803 4908 313⁶
822 4841 951 4910 ἐφορείαν
969 4840 1057 4896 codex
1073 4844 1078 4908 1
1095 4859 1124 4908 ³7
1144 4840 1224 4895 Ιοεαε
1242 4857 1266 4907 5,
1285 4859 1316 4905 ιι,
1330 4843 1336 4910 Ι
1351 4845 1382 4908 38
1400 4842 1459 4896 huo
1479 4861 1501 4906 1,
1520 4859 1547 4894 u
1568 4847 1599 4895 26
1613 4842 1619 4911 Ι
1635 4847 1666 4910 38
1684 4843 1743 4900 Ιιοο
1762 4862 1800 4912 ις,
1818 4864 1833 4913 7
