4560 6172
1775 548 1817 611 95

227 724 282 783 ταί
303 723 495 805 θαυμαστῆς
517 719 712 794 διαθέσεως·
746 723 799 782 καί
820 723 904 794 τίνος
924 725 986 802 γάρ
1009 720 1052 782 ἀν
1072 718 1175 783 ἀλλου
1199 716 1397 799 δικαιότερον
1414 716 1681 802 μνημονεύσαιμι,
1714 717 1823 781 ἐπιλε-

226 823 380 908 λησμένος
402 821 493 905 ὐμῶν
514 828 577 887 τάν
597 824 760 905 έρασμίων
788 826 906 904 κυρίων
926 844 999 898 μου,
1030 829 1084 886 καί
1114 826 1177 886 τάν
1205 821 1262 903 οὐχ
1287 818 1376 906 ἧττον
1396 821 1484 898 ἐμάν
1513 819 1676 904 φιλτάτων
1703 824 1822 885 τέκνων

227 927 357 990 ἐκείνων
379 931 400 1010 η’
420 927 588 1010 ὑμετέρων,
611 933 665 988 καί
686 931 739 1011 τῆς
756 927 983 1008 θεοφνλάκτου
1006 929 1110 1010 πάσης
1132 927 1245 1004 οίκίας,
1268 926 1333 1010 η’τις
1347 925 1557 1010 φιλοφρόνως
1577 924 1716 998 έξένισεν
1738 922 1822 1010 ἢμάς

228 1035 283 1093 καὶ
302 1030 486 1119 ἀνέπαυσεν
507 1031 565 1113 οὐχ
586 1031 677 1106 ἀπαξ
699 1029 785 1093 ἀλλά
809 1029 975 1104 πολλάκις,
998 1035 1052 1092 καί
1074 1033 1155 1113 πρὸς
1177 1031 1215 1115 ἢν
1238 1031 1288 1093 ὅτε
1303 1028 1437 1108 δύναμις
1452 1032 1621 1111 φοιτῶντες
1641 1031 1819 1111 ἐχαίρομεν,

227 1133 306 1213 ὅπερ
332 1133 438 1198 οὐδενί
459 1157 535 1198 ποτε
554 1138 617 1198 τῶν
639 1133 750 1196 ἀλλων
771 1135 869 1196 οἴκων
891 1135 1133 1214 ἐχαρισάμεθα,
1166 1133 1296 1197 πολλῶν
1325 1137 1419 1215 η’καῐ
1442 1132 1573 1198 πάντων
1594 1132 1632 1198 οὐ
1653 1136 1821 1216 παρέργως

228 1237 472 1321 δφελτομένωνγ
497 1237 572 1304 ὀὐκ
594 1239 630 1301 έκ
652 1239 758 1320 λη’θης
779 1234 836 1300 οὐν
858 1237 893 1300 τό
913 1235 1072 1320 ὑστέρημα
1089 1273 1124 1285 -
1148 1238 1192 1320 μη
1214 1241 1360 1302 τοσοῦτον
1383 1236 1552 1318 ἀχάριστος
1572 1241 1720 1320 γενοίμην
1741 1239 1821 1318 πρός

227 1346 298 1414 τούς
319 1341 491 1423 φιλτάτους
514 1381 565 1417 -,
596 1339 669 1403 ἀλλ’
691 1340 736 1415 είς
758 1340 829 1406 ίλύν
848 1343 956 1420 βυθοῦ
978 1343 1154 1422 συμφορῶν
1182 1339 1397 1426 (ψαλμικῶς*
1418 1342 1534 1426 είπείν)
1564 1342 1732 1420 έμπαγείς,
1766 1347 1820 1405 καὶ

228 1443 348 1527 πολλῆς
368 1444 484 1527 ἀηδίας
506 1450 561 1507 καί
583 1448 713 1518 ναυτίας
741 1443 980 1527 ἀναπλησθείς,
1009 1446 1042 1507 τό
1071 1448 1135 1506 τάν
1163 1448 1338 1507 κακοσίτων
1364 1448 1521 1507 πέπονθα
1543 1447 1675 1519 πάθος,
1708 1450 1819 1518 οίτινες

225 1547 352 1611 ὁπόταν
374 1550 454 1629 πρός
476 1574 503 1612 τι
525 1553 623 1611 σιτίον
643 1549 697 1631 ἀφ’
718 1548 810 1624 ἅπαξ
831 1547 1043 1632 ἀηδισθάσιν,
1067 1548 1138 1612 ἔσθ’
1161 1546 1213 1610 ότε
1228 1553 1332 1611 καὶτὰ
1349 1548 1423 1611 λίαν
1439 1549 1549 1632 ἥδιστα
1567 1549 1817 1630 δυσχεραίνουσι.

229 1650 305 1713 ’καὶ
334 1651 427 1726 αὐτός
457 1650 524 1728 οὐν,
554 1652 622 1715 έπεί
651 1652 726 1734 μήτε
756 1656 887 1735 πέφυκα
914 1650 991 1738 μύλά
1013 1652 1142 1732 ἔμαθον
1166 1650 1362 1736 ψεύδεσθαι,
1396 1651 1625 1734 παραπλήσιόν
1646 1675 1675 1714 τι
1741 1652 1819 1716 114²

228 1756 363 1832 παθοόν,
396 1756 456 1821 οὐκ
479 1757 673 1836 αίσχτίνομαι
694 1758 728 1817 τό
750 1752 874 1841 ἀληθὲς
895 1756 1032 1831 έξειπείν
1053 1758 1136 1836 πρός
1157 1754 1257 1835 ὐμάς,
1290 1758 1362 1828 τούς
1392 1757 1523 1820 πάντων
1544 1752 1734 1838 ἀνθρώπων
1755 1777 1817 1818 πο-

227 1859 432 1933 θεινοτάτους
452 1861 524 1940 ἐμοὶ
555 1864 609 1921 καί
638 1859 857 1932 οἰκειοτάτους.
891 1858 961 1921 ἀλλ’
992 1856 1061 1921 ἀπό
1082 1882 1116 1936 γε
1138 1863 1191 1924 τοῦ
1215 1862 1282 1934 νύν,
1316 1859 1451 1922 ἐπειδάν
1479 1862 1587 1941 καιρός
1617 1863 1818 1941 παρεμπέσοι

229 1962 330 2046 (ἔσται
359 1964 390 2025 δ’
420 1959 509 2037 οὐτος
537 1962 554 2027 ό
582 1967 695 2044 καιρός
722 1965 798 2026 πότε
804 1967 850 2050 3),
881 1964 937 2028 σύν
968 1967 1037 2044 θερί
1067 1964 1294 2043 πειρασόμεθα
1316 1969 1350 2026 τό
1372 1962 1527 2047 ὑστέρημα
1551 1964 1817 2046 διορθτόσασθαι.

228 2065 332 2148 4πρός
353 2066 390 2129 δέ
411 2069 445 2129 τό
468 2070 576 2147 παρόν
597 2070 743 2149 ἔρρωσθέ
764 2090 837 2146 μοι,
865 2060 993 2147 μᾶλλον
1023 2066 1059 2129 δέ
1089 2070 1295 2149 συνέρρωσθε
1324 2071 1377 2129 καῖ
1400 2071 1595 2151 συγχαίρειε,
1629 2072 1685 2130 καί
1708 2068 1819 2151 φιλίας

228 2166 366 2250 ἀρχαίας
388 2170 424 2231 έν
445 2176 547 2255 καιρῷ
568 2173 782 2254 μνημονεύετε.

317 2275 405 2341 17⁷.
437 2272 587 2338 Ἰωάννου
617 2278 670 2339 τοῦ
699 2272 875 2352 ἀγιωτάτου
901 2274 1130 2357 μητροπολίτου
1158 2274 1323 2354 Εὐχαίτων
1352 2276 1447 2350 λόγος
1478 2275 1482 2360 ί
1510 2281 1586 2356 μηνὶ
1607 2280 1671 2338 Νο-
1741 2276 1818 2341 115¹

227 2379 345 2459 εμβρίῳ
368 2387 398 2459 η.
420 2378 466 2450 είς
487 2379 542 2459 την
564 2377 698 2453 σύναξιν
718 2382 780 2440 τῶν
802 2378 903 2453 ἀγίων
924 2378 1079 2455 ἀγγέλων.

318 2481 403 2544 1Ιίαλ
430 2484 519 2543 τοῦτο
546 2486 599 2564 τῆς
628 2482 730 2562 ἄκρας
762 2481 965 2564 ἀγαθότητος
999 2473 1181 2561 γνάρισμα,
1216 2480 1382 2556 ἀπόδειξις
1416 2487 1469 2542 καί
1500 2480 1577 2564 αὕτη
1605 2485 1729 2565 μεγίστη
1765 2487 1819 2564 τῆς

227 2589 298 2664 περί
334 2584 390 2664 ἐμὲ
423 2584 562 2668 μεγάλης
601 2585 872 2666 φιλανθρωπίας·
909 2586 1108 2666 συγχορεύειν
1137 2583 1284 2660 ἀγγέλοις
1318 2589 1371 2647 καί
1410 2584 1627 2667 συνεορτάζειν
1664 2584 1818 2669 η’ξίωμαι·

229 2687 376 2769 ἀγγελικῆ
398 2692 460 2768 γάρ
483 2689 659 2772 πανήγυρις
682 2687 757 2771 ἡμίν
778 2691 815 2750 τά
840 2688 996 2769 παρόντα,
1019 2687 1202 2770 οὐρανόθεν
1224 2688 1369 2753 λνταῦθα
1391 2693 1642 2772 συγκροτηθείσα
1664 2694 1719 2751 καί
1741 2693 1818 2771 μεθ’

227 2790 318 2874 ἤμων
349 2794 410 2854 τῶν
437 2791 627 2872 ἀνθρώπων
655 2791 709 2854 ἐπὶ
735 2795 792 2875 γῆς
819 2790 1022 2874 ἑορτάζουσα.
1078 2792 1125 2855 2ἀί
1145 2796 1267 2856 καινῶν
1288 2794 1486 2876 μυστηρίωνί
1521 2796 1647 2858 δθεοῦ
1670 2795 1820 2876 δωρεῶνί

230 2894 247 2978 η
271 2899 371 2978 θνητὴ
394 2895 487 2979 φύσις
509 2895 587 2979 αὐτη
609 2899 689 2975 πρός
712 2893 866 2971 ἀγγέλους
887 2897 949 2976 ἔχει
970 2900 1005 2959 τὰ
1028 2900 1114 2970 ἴσον,
1151 2903 1205 2958 καὶ
1226 2907 1290 2969 τοίς
1312 2896 1472 2977 οὐρανίοις
1493 2897 1619 2979 ἀμέσως
1641 2895 1659 2960 ό
1682 2899 1820 2976 ἐπίγειος

229 2999 342 3079 όμιλεί,
365 3005 419 3061 καὶ
438 3001 494 3082 τὴν
515 3000 644 3081 πρώτην
669 2999 686 3061 ὃ
710 3000 864 3071 ἔκπτωτος
885 3000 983 3076 ἀξίαν
1005 2999 1230 3079 ἀναλαμβάνει
1249 3004 1326 3080 μετά
1346 3004 1537 3084 θαυμαστῆς
1557 3007 1610 3084 τῆς
1632 3004 1819 3087 προσθήκης

230 3110 284 3166 καί
305 3103 492 3185 τελεωτέρας
513 3109 565 3186 τῆς
587 3103 781 3178 οίκειάσεως.
831 3103 895 3177 ε’τίς
925 3106 967 3166 ἀν
996 3104 1109 3187 η”λπισε
1137 3107 1235 3167 ταῦτα
1267 3109 1343 3185 πρὶν
1373 3107 1587 3189 ἢγενέσθαις
1619 3108 1664 3180 τίς
1685 3106 1721 3169 δέ
1743 3106 1821 3188 παρ’

227 3208 362 3281 ἐλπίδας
385 3206 481 3281 οὕτως
503 3207 692 3287 ἐκβεβηκότα
719 3210 853 3288 θεωρύν
875 3208 913 3274 οὐ
929 3210 1135 3287 θαυμάσεται
1141 3235 1152 3285 ,·
1175 3208 1310 3272 *οὐκοῦν
1326 3211 1581 3290 θαυμασοίμεθα
1605 3211 1668 3293 πρό
1690 3210 1821 3272 πάντων

227 3310 315 3396 ἧμείς
338 3318 409 3392 περί
431 3312 486 3385 οὓς
509 3311 527 3392 ἦ
549 3313 679 3393 τοσαύτη
703 3315 858 3374 θεσπεσία
885 3314 1071 3393 καινοτομία
1105 3310 1307 3398 (εὐτυχοῦμεν
1327 3314 1389 3392 γάρ
1404 3313 1503 3386 ὄντως
1524 3315 1609 3394 πέρα
1625 3313 1820 3394 προσδοκίας

228 3417 381 3502 ἀπάσης),
415 3421 470 3479 καὶ
490 3420 545 3498 τήν
567 3415 647 3476 καθ’
670 3415 755 3497 ἡμᾶς
782 3415 929 3496 εὐτυχίαν
949 3416 953 3502 ί
977 3420 1157 3496 περιχαρεῖς
1185 3414 1403 3499 ἑορτάσωμεν,
1439 3419 1459 3497 η’
1485 3417 1518 3480 τό
1547 3418 1674 3496 μᾶλλον
1742 3420 1820 3484 115²

229 3528 400 3603 προσῆκον,
423 3519 640 3599 ὐπερκοσμίως
663 3524 716 3579 καὶ
731 3518 904 3600 οὐρανίως·
927 3522 1054 3583 έκείθεν
1069 3521 1132 3601 γάρ
1148 3519 1223 3604 ημῖν
1244 3525 1296 3581 καί
1312 3521 1345 3582 τό
1363 3519 1526 3602 σύνθημα,
1548 3526 1603 3581 καὶ
1619 3516 1650 3584 ολ
1666 3521 1821 3601 παρόντες

228 3620 313 3690 οὗτοι
328 3629 563 3688 συνθιασῶται·
586 3623 694 3706 ἑορτῆς
716 3625 751 3686 δὲ
770 3624 951 3704 κεφάλαιον
974 3625 1052 3698 θεὸς
1078 3623 1301 3704 δοξαζόμενος,
1325 3627 1401 3704 παρ’
1416 3618 1455 3689 οὐ
1469 3634 1533 3697 τοίς
1548 3628 1627 3687 πᾶσι
1641 3627 1679 3687 τά
1701 3628 1821 3700 πάντα,

230 3727 325 3809 κάμοί
349 3727 431 3808 πρός
451 3739 515 3802 τοῖς
537 3727 649 3801 ἀλλοις
670 3729 704 3790 τό
727 3727 911 3811 τηλικαύτης
933 3738 1036 3808 τυχεῖν
1057 3727 1233 3808 εὐεργεσίας
1255 3733 1309 3789 καὶ
1330 3727 1468 3807 χάριτος.
1512 3726 1617 3790 ὓάλλά
1642 3731 1731 3792 τοῦτο
1761 3732 1821 3808 μὲν

229 3828 287 3917 (ἀς
308 3831 423 3916 εἰπεῖν)
446 3831 701 3907 ἀναγκαιότατον
724 3831 794 3910 ἀμα
816 3840 869 3894 καί
893 3833 1094 3895 δικαιότατον
1116 3832 1265 3915 ὄφλημα,
1294 3829 1331 3896 οὐ
1353 3840 1418 3904 τοίς
1440 3831 1578 3906 λογικοίς
1606 3830 1682 3915 ἡμίν
1709 3833 1821 3913 μόνον,

230 3935 303 4000 ἀλλ’
325 3936 386 4020 η’δη
408 3943 461 3999 καί
483 3947 547 4009 τοῖς
570 3935 714 4013 ἀλόγοις,
743 3939 786 4000 ἔτι
810 3937 845 3999 δὲ
868 3943 922 3999 καὶ
943 3948 1011 4011 ταίς
1033 3938 1076 4000 ἔτι
1100 3939 1288 4016 πορρωτέρω
1310 3942 1374 3998 τῶν
1395 3941 1547 4019 φύσεων,
1579 3940 1745 4018 καὶκοινῇ
1767 3942 1821 3998 καί

228 4039 298 4102 ίδία
319 4043 374 4102 τόν
395 4037 555 4123 εὐεργέτην
577 4038 686 4118 ὐμνείν
708 4040 743 4101 έν
765 4045 860 4103 παντί
882 4046 984 4121 καιρῷ
1005 4065 1036 4103 τε
1059 4044 1113 4101 καί
1136 4031 1318 4118 πράγματι·
1343 4039 1381 4105 οὐ
1406 4042 1467 4120 γάρ
1483 4040 1567 4104 ἔστιν
1581 4040 1599 4103 ὓ
1615 4043 1679 4101 τῶν
1695 4042 1822 4102 έκείθεν

230 4146 311 4224 πριίς
332 4142 413 4225 ἡμᾶς
437 4143 577 4226 δωρεῶν,
610 4144 796 4226 τηλικούτων
828 4143 972 4208 ἑκάστοτε
1002 4149 1057 4206 καί
1089 4143 1243 4208 τοσούτων
1264 4147 1517 4225 χορηγουμένων,
1548 4141 1691 4226 ἀντιδοίη
1714 4167 1758 4217 τις
1779 4146 1822 4206 ἀν

227 4247 274 4321 είς
295 4245 434 4329 ἀμοιβὴν
455 4250 560 4325 ἕτερον
582 4247 629 4310 ὅτι
650 4250 693 4329 μη
714 4248 816 4326 μόνον
837 4247 1047 4328 εὐγνωμονῶν
1067 4252 1121 4310 καί
1142 4249 1197 4331 την
1222 4252 1318 4310 θείαν
1349 4249 1402 4310 ἐπὶ
1433 4253 1512 4311 πᾶσι
1535 4247 1681 4323 δοξάζων
1703 4247 1820 4331 φιλαν-

230 4356 403 4434 θρωπίαν·
429 4351 524 4431 6ἐμοί
545 4351 581 4414 δὲ
605 4355 686 4431 πρός
707 4352 802 4433 τούτῳ
826 4357 880 4414 καὶ
903 4353 1048 4432 δεύτερον
1069 4352 1214 4434 ἀνέφανε
1230 4355 1331 4432 χρέος,
1354 4349 1421 4415 οὐδ’
1440 4350 1516 4415 αὐτό
1532 4356 1722 4434 παραίτησιν
1738 4351 1822 4428 ἕχον,

228 4454 268 4521 οὐ
289 4458 350 4534 μὲν
371 4454 427 4519 οὐν
450 4453 518 4517 οὐδ’
542 4453 727 4535 ὑπέρθεσιν,
759 4453 844 4518 ἀλλά
874 4462 929 4518 καί
959 4460 1081 4518 θάττον
1112 4455 1155 4527 ὡς
1186 4454 1325 4534 μάλιστα
1357 4458 1412 4536 την
1433 4456 1600 4534 εἴσπραξιν
1622 4464 1822 4530 κατεπεῖγον·

229 4555 343 4624 αὐτίκα
365 4561 442 4634 γοῦν
463 4557 481 4621 ό
504 4558 626 4637 καιρός,
649 4557 814 4641 ἀναβολὴν
836 4557 874 4624 οὐ
897 4556 1016 4634 διδούς,
1039 4557 1220 4641 καταβολὴν
1241 4555 1388 4633 ἀπαιτεί,
1419 4562 1472 4620 καί
1496 4563 1577 4620 θεόν
1599 4559 1656 4622 σύν
1678 4555 1824 4633 ἀγγέλοις

227 4660 373 4739 εὐλογεῖν
394 4660 479 4744 ἡμᾶς
501 4660 612 4736 ἀξιῶν,
636 4666 690 4723 καί
713 4663 794 4742 πρὸς
816 4661 906 4747 Ιτούς
929 4662 1083 4739 ἀγγέλους
1097 4661 1154 4741 οὐχ
1170 4656 1259 4744 η’ττυν
1273 4661 1424 4741 μεθέλκει
1437 4667 1491 4744 την
1505 4661 1675 4746 εὐφημίαν,
1745 4663 1823 4728 116¹

229 4772 265 4830 οί
283 4769 326 4850 μη
348 4766 450 4846 μόνον
472 4765 668 4842 δοξάσοντες,
692 4765 777 4828 ἀλλά
801 4770 856 4828 καὶ
878 4766 1157 4851 δοξασθησόμονοι
1173 4765 1312 4849 πάρεισι,
1334 4767 1368 4828 τό
1390 4767 1459 4844 μέν,
1482 4767 1541 4830 σύν
1557 4766 1641 4850 ἡμῖν,
1666 4771 1720 4830 καί
1739 4766 1823 4851 ἢμάς

302 4891 427 4948 2Pnalm
447 4894 508 4957 8⁹13
1588 4896 1593 4903 ⁹
