4560 6172
497 542 541 606 30

581 711 693 791 ἤπιός
715 714 872 787 νεουργεῖς
894 703 993 788 (εἰπέ)
1015 703 1084 778 τοίς
1106 708 1172 767 κατ’
1193 707 1312 782 εῑκόνα,

582 814 635 871 καὶ
660 809 762 893 ῥᾷστα
784 806 929 878 πλάττεις
951 811 1005 866 καὶ
1026 807 1248 884 μεταπλάττεις
1271 807 1380 884 πάλιν,

515 912 559 978 50
580 912 708 989 γνώμας
730 908 881 988 άμείβων,
905 911 958 967 καλ
979 909 1195 990 μεθαρμόζων
1216 911 1363 991 τρόπους,

579 1017 703 1093 τρέπων
725 1011 901 1089 λογισμούς,
927 1016 980 1070 καὶ
1002 1015 1164 1089 μεθιστιόν
1187 1013 1331 1093 καρδίας,

580 1117 679 1197 ἄγων,
703 1118 822 1198 φέρων,
845 1115 990 1193 στρέφων
1011 1135 1042 1175 τε
1064 1114 1170 1176 πάντα
1193 1115 1313 1199 ῥᾳδίως

578 1220 613 1281 ἐκ
637 1215 826 1299 φθέγματός
848 1238 879 1276 τε
901 1219 955 1276 καὶ
979 1218 1062 1289 θέας
1083 1222 1136 1300 τῆς
1158 1223 1214 1300 σῆς
1235 1211 1356 1301 μόνηςς

581 1326 725 1392 καὶτοὺς
746 1323 806 1400 μὲν
829 1317 948 1390 ἄλλους
969 1317 1006 1381 οό
1027 1325 1175 1382 τοσοῦτον
1197 1320 1372 1401 θαυμάσω,

517 1426 560 1492 55
580 1426 635 1498 οὓς
657 1428 753 1487 ταῦτα
777 1433 878 1494 ποιεῖς
899 1422 935 1482 έν
956 1423 1072 1501 βραχεῖ
1092 1428 1146 1483 καὶ
1169 1425 1338 1502 συντόμως,

581 1526 637 1592 οὐκ
659 1524 872 1605 α’προθόμους
894 1524 987 1597 ὄντας
1009 1522 1075 1587 οὐδ’
1097 1522 1208 1598 αότοός
1229 1528 1319 1601 ἴσως·

581 1628 665 1713 ἡμᾶς
687 1629 723 1691 δὲ
747 1633 815 1700 πῶς
837 1628 980 1709 ἤμειψας
1002 1630 1098 1700 οὕτως
1122 1627 1269 1708 άθρόον,·

584 1736 604 1816 ἢ
625 1736 693 1805 πῶς
715 1734 861 1794 τοσοῦτον
882 1732 987 1808 ἴσχυσε
1008 1732 1128 1808 βραχὺς
1147 1733 1277 1812 λθόνοςς

583 1835 675 1909 ἅπαξ
697 1833 941 1916 προσωμίλησας
964 1831 1039 1912 ἢμῖν
1061 1832 1208 1908 έγνόθεν,

521 1941 564 2004 60
587 1938 678 2011 α’παξ
702 1935 874 2015 προσεῖδες,
896 1936 1010 2012 μικρόν
1033 1933 1212 2018 α’ντοίφθρς
1234 1936 1350 1998 πάλιν·

587 2039 757 2127 (ἀπῆλθες
777 2034 874 2110 εὐθὺς
896 2038 1170 2115 συμμεθαρμόσας
1192 2036 1304 2111 ὅλους·

583 2146 697 2224 καινὴν
718 2143 780 2223 γάρ
802 2141 985 2212 ἐντέθεικας
1006 2137 1081 2219 ἡμῖν
1103 2141 1249 2221 καρδίαν,

583 2251 637 2309 καί
661 2250 786 2322 πνεῦμα
808 2247 921 2305 καινόν
944 2243 1066 2316 ἔκτισας
1086 2253 1151 2316 τοῖς
1172 2243 1323 2320 έγκάτοις.

585 2351 733 2428 ἄγροικος
757 2346 794 2428 ἦν
817 2349 908 2426 χθές,
931 2345 1056 2418 άστικδς
1078 2347 1114 2408 δὲ
1137 2350 1194 2409 νῦν
1214 2344 1322 2425 μάλα·

520 2455 562 2520 65
585 2452 670 2514 κάτω
693 2452 854 2525 νενευκώς,
877 2447 964 2511 dm
987 2454 1043 2511 νῦν
1065 2451 1135 2511 άνω
1157 2449 1301 2526 βλέπων·

584 2557 725 2633 άθομος,
748 2552 819 2614 ἀλλ’
840 2551 991 2631 εὔθυμος,
1015 2548 1130 2633 ἡδονῆς
1151 2555 1271 2630 γέμων·

583 2656 705 2737 μικρός,
729 2654 881 2737 κατηφής,
906 2657 962 2719 νῦν
984 2653 1020 2716 δὲ
1042 2654 1189 2734 λαμπρός
1211 2659 1264 2714 καὶ
1285 2656 1400 2731 μέγας·

583 2760 754 2824 καὶταῦτα
775 2759 875 2841 μηδὲν
897 2757 941 2831 είς
962 2759 1081 2839 τροπὴν
1104 2760 1205 2839 φέρον
1228 2756 1339 2828 πάθος

586 2869 709 2927 παθεῖν
731 2861 788 2923 άπ’
812 2860 912 2943 άρχῇς
933 2857 968 2925 εὖ
989 2865 1293 2942 παρεσκευασμένος.

519 2971 563 3034 70
584 2965 627 3040 ὥς
649 2969 691 3027 άν
713 2989 740 3027 τι
762 2964 854 3026 δαίσω
878 2963 991 3041 δεῖγμα
1010 2967 1063 3028 τοῦ
1085 2966 1159 3025 νέου
1182 2963 1323 3037 πάθους,

585 3068 711 3151 άτοφος
733 3070 778 3128 τόν
800 3069 886 3145 πρίν,
910 3069 966 3130 νῦν
988 3065 1024 3127 δὲ
1047 3066 1218 3143 κομπάζων
1240 3065 1324 3140 τάδε,

585 3172 664 3237 οὕτω
685 3193 724 3249 με
746 3169 954 3232 παντάπασιν
975 3170 1010 3243 έξ
1033 3167 1135 3230 άλλου
1157 3173 1233 3240 τέως

585 3274 702 3348 ἔδειξεν
724 3272 825 3335 ἄλλον
847 3271 864 3355 ἦ
889 3271 1055 3352 παναλκής
1077 3289 1134 3334 σου
1156 3272 1267 3352 χάρις·

585 3383 701 3459 μικρόν
721 3378 783 3455 γάρ
806 3374 882 3457 αὕτη
904 3377 1019 3455 μικρόν
1040 3373 1242 3455 έλλάμψασά
1262 3397 1327 3457 μοι,

522 3482 565 3547 75
586 3482 654 3544 είια
676 3482 825 3558 κρυβεῖσα
849 3482 969 3539 θᾶττον
990 3478 1025 3538 έκ
1047 3480 1110 3538 τόν
1132 3475 1285 3556 δμμάτων

587 3581 630 3657 ὦς
651 3582 814 3663 άστραπῇς
835 3602 880 3652 τις
902 3578 1012 3662 όξότης
1033 3585 1087 3641 καὶ
1110 3579 1301 3664 λαμπρότης,

586 3688 673 3766 ὅμως
695 3684 922 3767 κατεκράτησεν
944 3681 1034 3766 ἡμῶν
1054 3684 1100 3754 είς
1121 3682 1219 3756 τέλος,

586 3795 641 3851 καὶ
662 3792 717 3872 τόν
739 3789 841 3868 καλόν
862 3788 1001 3870 ἄμειψιν
1022 3786 1178 3869 έξήμειψέ
1199 3809 1247 3865 με.

586 3896 614 3954 τί
637 3892 665 3954 δ’
688 3895 730 3953 άν
753 3891 860 3953 πάθοι
883 3913 936 3968 τις,
958 3890 987 3951 εί
1010 3890 1111 3952 πάλιν
1135 3891 1240 3954 τούτου
1263 3889 1359 3969 τύχοι,

523 3998 565 4062 80
588 4001 716 4078 καὶτῆς
739 3993 853 4074 ὁμοίας
876 3991 1020 4075 δεύτερον
1042 3991 1128 4072 τόχοι
1152 3998 1244 4069 θέας,

589 4097 631 4172 ὥς
654 4099 672 4181 η’
696 4097 835 4171 κέλευσις
856 4095 1002 4174 βούλεται
1023 4101 1077 4159 τοῦ
1101 4097 1271 4174 δεσπότους

587 4200 607 4285 ἢ
630 4202 729 4284 δῆλον
751 4199 794 4274 ὥς
816 4200 995 4279 ἄνθρωπος
1017 4201 1055 4263 οό
1080 4197 1185 4273 δόξειέ
1207 4222 1261 4274 τις,

588 4304 660 4367 ἀλλ’
682 4302 815 4380 ἄγγελός
836 4325 890 4377 τις,
914 4304 933 4385 ἢ
955 4306 1032 4375 θεὸς
1054 4305 1246 4383 παραυτίκα,

588 4408 664 4481 ὅλος
687 4411 828 4480 θεαθεὶς
848 4409 885 4494 τῇ
909 4408 988 4470 θεοῦ
1010 4408 1172 4484 κοινωνίᾳ.

523 4512 565 4579 85
588 4512 803 4599 Ιπειράσομαι
825 4508 864 4592 δὴ
887 4514 941 4570 καὶ
963 4505 1066 4571 πάλιν
1088 4514 1142 4569 καί
1164 4505 1321 4578 πολλάκις

588 4619 638 4678 σοί
659 4638 690 4677 τε
712 4611 907 4693 προσελθεῖν
929 4616 984 4672 καὶ
1005 4622 1108 4691 τυχεῖν
1132 4608 1268 4689 όμιλίας,

588 4721 618 4781 εί
638 4741 706 4790 πως
730 4716 861 4794 λάβοιμι
882 4714 974 4797 τήνδε
995 4714 1050 4797 τὴν
1072 4712 1251 4796 εόνληρίαν.

589 4820 660 4883 ἀλλ’
682 4825 718 4884 έν
740 4820 872 4882 δέδοικα
896 4821 965 4904 (καί
985 4816 1019 4880 τδ
1043 4816 1101 4879 σόν
1124 4821 1218 4879 θεῖον
1240 4815 1354 4899 κράτος

1907 724 1937 783 48
1964 717 2079 774 Genesis

1910 809 1932 854 1,
1951 795 1981 842 τό

1890 2258 1919 2318 ⁶3
1930 2253 2021 2306 Psalm
2031 2272 2046 2304 ν
2056 2250 2099 2305 12?

1891 2465 1919 2526 65
1950 2460 2098 2524 ἄνθρωπον
2151 2450 2157 2457 ’

1891 2548 1919 2585 se
1955 2530 2099 2584 redditum

1923 2601 2062 2668 gloriatur

1891 2689 1953 2725 oum
1976 2672 2097 2740 impera·

1909 2744 1969 2795 tore
1984 2759 2078 2796 coram

1899 2812 2086 2865 collocutum:

1889 2882 1972 2934 Plato
2001 2881 2099 2950 Cratyl

1910 2971 1955 3019 399
1981 2956 2081 3007 contra

1915 3023 2082 3076 (ίίίοτῒὶοιαὅ

1891 3113 1945 3160 307,
1968 3095 2003 3148 de
2020 3094 2099 3147 cuius

1891 3166 1973 3231 δρωψ
2003 3165 2099 3218 videa-

1908 3239 1955 3288 tur
1970 3235 2082 3288 Pdeha-

1902 3306 1988 3375 garde
2008 3306 2087 3373 Sym-

1893 3377 2042 3429 mictorum
2073 3375 2099 3427 11

1893 3467 1938 3500 222
1958 3447 1999 3514 (ef
2016 3446 2072 3513 128)

1895 4218 1925 4265 82
1947 4213 2012 4266 vide
2031 4229 2103 4280 quae

1924 4284 1960 4365 οδ
1979 4288 2008 4366 ές
2029 4284 2077 4337 ad·

1895 4372 1995 4423 εοειρει
