4560 6172
338 569 420 636 188
1868 562 1933 627 205

341 735 512 817 θρύλητον,
535 735 568 796 τδ
591 732 664 814 ἒήδε
687 731 768 808 λέγω
790 737 845 795 τού
866 733 1028 815 μάρτυρος
1051 731 1221 814 ἀρίστευμα
1244 735 1298 793 καί
1320 730 1529 811 κατόρθωμα,
1552 730 1593 793 δι’
1608 726 1648 794 ού
1669 735 1703 794 τό
1727 731 1825 814 φίλον
1846 730 1933 812 ὑμεῖς

343 842 396 899 καί
408 841 558 920 πατρῷον
567 837 691 917 έδαφος
700 826 731 864 ⁸³⁰
742 840 831 898 τούτο
845 837 881 912 έξ
895 836 1027 919 ἐρημίας
1038 833 1177 916 ἀβάτου*
1189 833 1458 915 πολυανδροῦσαν
1471 834 1552 913 ε’χετε
1567 833 1673 910 πάλιν,
1685 834 1688 920 ί
1699 834 1798 918 λύμης
1855 836 1932 901 296¹

341 939 494 1020 ὀλεθρίου
519 943 634 1021 θηρίου
657 943 711 1000 καί
734 943 841 1000 κακῶν
862 937 1042 1022 ἀνηκέστων
1064 944 1117 999 καὶ
1133 938 1343 1019 πολυτρόπων
1357 936 1616 1019 ἀπηλλαγμένον.
1704 937 1739 1000 ⁹6
1764 941 1932 1020 προοίμιον

344 1047 481 1121 θέμενος
503 1041 521 1104 6
544 1040 687 1123 ἀθλητής
708 1043 760 1123 τῆς
782 1040 952 1125 ἀθλήσεως
974 1046 1028 1103 καί
1051 1042 1120 1119 άμα
1141 1045 1201 1121 μὲν
1223 1041 1260 1103 έν
1282 1042 1381 1125 τούτῳ
1411 1039 1604 1121 πειρώμενος
1635 1039 1702 1103 οίον
1731 1040 1819 1113 τέλος
1846 1041 1932 1126 αὐτῷ

343 1150 380 1208 τά
402 1147 465 1209 τόν
486 1145 564 1225 ὑπὲρ
587 1145 746 1222 εὐσεβείας
767 1147 828 1219 έξει
852 1145 1021 1222 κινδύνων,
1045 1143 1114 1223 άμα
1138 1145 1248 1206 δὲκαὶ
1272 1148 1391 1222 νόμους
1406 1143 1517 1226 φιλίας
1539 1149 1593 1205 καί
1615 1147 1721 1218 ξενίας
1744 1148 1841 1224 τιμῶν
1864 1147 1933 1230 (καί

343 1254 403 1332 γάρ
424 1250 534 1331 ἐχρῆτο
556 1249 633 1336 φίλη
656 1251 710 1307 καὶ
733 1249 805 1331 ξένη
830 1246 884 1309 διά
907 1248 999 1329 τῆσδε
1021 1247 1177 1320 πολλάκις
1200 1247 1388 1326 παροδεύων
1406 1253 1440 1335 τῆ
1458 1249 1644 1334 θαυμασία)
1667 1257 1802 1329 κρεῖττον
1825 1251 1846 1330 ῆ
1866 1250 1932 1311 κατ’

343 1351 461 1414 έλπίδα
483 1357 538 1414 τοῦ
555 1354 674 1414 σκοποῦ
688 1349 918 1434 κατευστόχησε,
942 1357 996 1414 καί
1014 1351 1055 1414 δι’
1069 1351 1142 1423 όνδς
1162 1352 1413 1431 κατορθώματος
1429 1349 1542 1413 ἑαυτόν
1556 1356 1616 1432 μὲν
1632 1353 1778 1432 θάρσους
1793 1351 1932 1433 ἀρρήτου

345 1458 474 1537 περὶτὰ
500 1458 690 1534 προκείμενα
713 1454 843 1536 ἔπλησε,
874 1457 908 1516 τδ
931 1455 966 1516 δὲ
987 1457 1104 1536 χωρίον
1126 1453 1298 1533 ἐλεύθερον
1321 1452 1449 1532 ἀμάχου
1473 1455 1580 1521 δεινοῦ
1600 1461 1652 1516 καί
1675 1459 1827 1534 καθαρόν
1850 1454 1931 1518 ἀπέ-

345 1558 426 1621 δωκε
448 1562 483 1647 τῇ
507 1558 675 1644 δεσποίνῃ·
709 1553 747 1636 ήν
774 1559 835 1635 γάρ
859 1557 919 1639 ήδη
950 1562 1003 1618 καὶ
1024 1561 1111 1622 τοῦτο
1132 1560 1209 1638 μετά
1232 1557 1392 1619 πλειόνων
1414 1556 1527 1637 ἑτέρων
1550 1560 1629 1619 κατδ
1651 1561 1707 1641 τήν
1728 1561 1838 1641 χιόραν
1861 1582 1932 1644 κτη-

344 1661 454 1742 μάτων
475 1660 510 1722 έκ
532 1660 696 1740 βασιλικῆς
718 1662 820 1739 χειρός
844 1660 1107 1744 φιλοτιμηθεῖσα,
1131 1659 1256 1742 μάλλον
1278 1660 1313 1722 δὲ
1335 1663 1399 1724 τῶν
1421 1662 1501 1722 οίκοι
1525 1667 1577 1722 καί
1599 1667 1762 1743 πατρικῶν
1783 1702 1825 1710 -
1848 1664 1933 1727 όσων

345 1766 446 1827 ὄντων
468 1768 521 1824 καί
544 1769 621 1825 σίων
649 1801 686 1811 -
715 1766 752 1825 τά
776 1762 994 1846 όποιαδῆποτε
1015 1769 1114 1826 ταῦτα
1134 1763 1189 1825 em
1210 1769 1262 1845 τῆς
1284 1761 1472 1845 ἀλλοδαπῆς
1493 1761 1677 1840 ἀναγκαίως
1699 1765 1930 1846 άντιλαβούσα·

345 1870 423 1931 ἔνιοι
447 1867 484 1928 δέ
505 1885 585 1948 φασι
609 1867 774 1948 πατρόθεν
795 1866 920 1946 μᾶλλον
942 1871 995 1928 καί
1017 1873 1105 1932 τοῦτο
1127 1866 1311 1947 περιελθεῖν
1331 1865 1410 1956 αὐτῇ
1436 1865 1562 1948 κλῆρον,
1593 1867 1668 1948 ἀχρι
1691 1868 1790 1952 δῆλον
1812 1870 1859 1933 ότι
1879 1878 1934 1932 καί

345 1970 437 2033 τοῦδε
458 1975 511 2052 τῆς
533 1968 665 2051 κτήσεως
687 1967 796 2042 αύτοῖς
817 1969 1019 2052 έκταθείσης,
1047 1970 1099 2034 οία
1121 1971 1159 2032 τά
1179 1974 1242 2033 τῶν
1264 1969 1512 2054 πολυκτημόνιον
1534 1975 1587 2032 καί
1607 1972 1854 2050 βαθυπλούτων,
1886 1973 1931 2048 οίς

346 2080 382 2138 ἓν
404 2072 498 2138 οὐδέν
519 2073 582 2135 ἐστι
597 2075 693 2154 μέρος
708 2075 765 2155 γῆς
779 2071 892 2135 ίκανδν
905 2074 960 2154 τήν
974 2079 1027 2157 τῆς
1043 2074 1311 2157 φιλοκτημοσύνης
1327 2076 1423 2136 νόσον
1436 2074 1683 2155 έκθεραπεύσαι,
1705 2077 1748 2137 άν
1768 2080 1811 2160 μή
1824 2081 1933 2140 πάντα

347 2180 350 2262 ί
364 2178 572 2256 συλλάβωσιν.
596 2174 716 2257 ἀμέλει.
740 2177 793 2238 διά
813 2177 903 2241 τοῦτό
920 2196 999 2259 φασι
1018 2181 1071 2239 καὶ
1085 2179 1140 2260 τήν
1151 2182 1295 2243 ἐνταῦθα
1309 2175 1497 2258 μετάστασιν
1511 2172 1738 2259 α’ποκληροόσαι
1753 2203 1787 2268 τη
1853 2182 1934 2246 2962

345 2284 477 2359 γενναίᾳ
498 2283 531 2342 τδ
554 2279 751 2359 πρόσταγμα,
775 2279 818 2352 τός
837 2279 938 2362 μηδὲν
959 2280 1138 2362 όβριστικδν
1159 2280 1239 2364 μηδὲ
1268 2282 1381 2361 άτιμον
1409 2285 1443 2342 τὸ
1472 2279 1642 2359 γινόμενον
1672 2281 1754 2360 ἔχοι,
1789 2280 1859 2343 ἀλλ’
1881 2282 1932 2347 εό-

346 2389 450 2467 πρεπῆ
473 2387 566 2466 φέροι
589 2381 763 2464 πρόφασιν,
794 2385 849 2464 τήν
872 2382 914 2456 ὡς
937 2387 1017 2465 πρός
1039 2384 1174 2457 οίκείους
1196 2385 1300 2467 δῆθεν
1321 2383 1439 2465 ἀγροὺς
1469 2385 1521 2463 τῆς
1543 2387 1728 2467 κεκτημένης
1747 2385 1934 2465 μετάβασιν.

346 2488 362 2551 6
385 2491 446 2569 μὲν
468 2485 523 2551 οὖν
544 2487 638 2562 λόγος
659 2484 740 2547 οὕτω
754 2485 864 2560 διττός,
887 2487 920 2550 τό
937 2487 965 2549 δ’
981 2487 1118 2570 ἀρέσκον
1132 2487 1259 2566 μάλλον
1282 2487 1424 2550 νικάτω*.
1526 2485 1552 2523 ¹⁰
1561 2484 1647 2568 πλήν
1660 2486 1732 2549 ἀλλ’
1744 2487 1806 2553 ὑπό
1823 2489 1933 2572 ταύτης

346 2591 362 2653 6
386 2595 485 2670 μέγας
508 2587 648 2667 ἀριστεύς
669 2589 787 2660 ἐκεῖνος
809 2593 863 2649 καί
885 2596 1007 2673 νικητής
1027 2591 1080 2653 aaz
1103 2590 1203 2653 πλέον
1224 2594 1279 2654 τδν
1301 2590 1394 2673 ζῆλον
1423 2587 1661 2669 ἀναφλεχθείς,
1693 2593 1711 2652 6
1741 2595 1932 2674 προείρηται,

347 2700 400 2757 καί
423 2692 615 2772 προσλαβών
637 2693 684 2775 (τό
700 2695 749 2756 τοῦ
763 2690 873 2776 λόγου)
897 2697 958 2775 πύρ
979 2693 1032 2755 έπί
1054 2698 1116 2773 πῦρ
1140 2691 1192 2778 (ήν
1212 2694 1284 2772 γάρ,
1307 2692 1355 2776 ήν,
1378 2695 1510 2755 οἴκοθεν
1532 2696 1586 2754 καί
1608 2689 1701 2764 αύτδς
1720 2694 1811 2774 μάλα
1834 2697 1934 2756 σπεύ-

348 2799 414 2862 δων
437 2802 489 2859 καὶ
512 2799 566 2862 τοῦ
587 2801 815 2877 παρορμῶντος
834 2793 921 2878 ήττον
937 2796 1110 2877 δεόμενος),
1133 2800 1204 2868 τούς
1227 2794 1397 2878 ύπερφυεῖς
1414 2797 1552 2869 ἐκείνους
1566 2795 1723 2879 διήθλησε
1740 2801 1793 2858 καί
1808 2797 1933 2880 κατιόρ-

348 2907 456 2966 θωσεν
478 2900 605 2972 ἄθλους
626 2903 680 2959 καί
701 2905 738 2960 τά
762 2900 896 2980 λαμπρά
921 2906 973 2959 καὶ
995 2900 1121 2978 μεγάλα
1144 2902 1223 2960 κατά
1253 2905 1315 2960 τεόν
1344 2902 1550 2979 μισοχρίστων
1577 2899 1681 2980 ἔστησε
1709 2899 1864 2981 τρόπαια,
1897 2902 1933 2976 ἐξ

348 3002 393 3069 τόν
415 3005 597 3088 τηλικαύτης
620 2999 747 3083 η’ξίωται
770 3005 858 3083 τιμῆς
880 3026 910 3062 τε
934 3008 985 3062 καὶ
1009 3001 1104 3083 δόξης
1126 3002 1203 3083 ὅσην
1222 3001 1316 3076 λόγος
1329 3000 1540 3083 άνθροίπινος
1554 2999 1708 3064 ἀδυνατεῖ
1722 3010 1933 3088 παραστῆσαι.

436 3108 570 3178 11οὕτως
593 3102 610 3187 ή
634 3104 834 3185 φιλόχριστος
857 3105 934 3186 αότη
957 3110 1011 3165 καὶ
1034 3105 1232 3186 φιλόμαρτυς
1254 3109 1306 3186 τῆς
1333 3110 1525 3186 μαρτυρικῆς
1554 3104 1664 3184 φιλίας
1694 3104 1864 3181 ἀπαίνατο,
1897 3107 1933 3170 έκ

346 3214 538 3293 μισουμένου
559 3232 589 3271 τε
612 3214 665 3268 καὶ
688 3214 824 3287 φευκτοῦ
854 3208 1027 3289 προσφιλὲς
1058 3210 1091 3269 τό
1121 3208 1233 3289 ἑαυτῆς
1262 3212 1316 3269 καί
1339 3209 1544 3285 ποθούμενον
1567 3210 1642 3287 παρ’
1664 3207 1783 3291 ἐκείνης
1804 3209 1932 3271 ἀπολα-

346 3319 458 3393 βοῦσα.
482 3311 563 3375 ούτω
580 3312 615 3373 δὲ
631 3317 684 3371 καί
700 3311 716 3372 6
732 3311 852 3391 μάρτυς
868 3315 920 3391 τῆς
942 3311 1090 3375 ἐντεῦθεν
1112 3300 1323 3392 άπῆλαυσεῇί,
1349 3317 1403 3370 καὶ
1420 3310 1598 3390 συμβουλῆς
1620 3309 1747 3392 ἀρίστης
1769 3313 1806 3372 τά
1823 3316 1932 3390 πρῶτα

348 3417 427 3498 πρός
448 3414 632 3496 ὑπεροψίαν
654 3415 804 3478 θανάτου
827 3418 880 3477 καί
905 3413 908 3498 k
932 3417 1020 3494 τιμῆς
1042 3413 1184 3486 έξαισίας
1204 3413 1282 3492 μετά
1303 3413 1357 3474 τόν
1381 3415 1528 3475 θάνατον
1542 3414 1687 3494 ὕστερον·
1710 3414 1788 3496 αὕτη
1854 3416 1931 3480 2971

347 3519 408 3599 γάρ
431 3518 513 3580 ἔστιν
534 3516 552 3599 ή
577 3519 706 3581 πάντων
728 3523 790 3581 τόν
812 3517 921 3580 ἀλλων
943 3516 1030 3589 ὅσοις
1052 3515 1157 3598 φίλοις
1179 3516 1289 3597 έχρῆτο
1312 3518 1401 3596 παρὰ
1425 3517 1533 3578 πάντα
1548 3517 1603 3578 τόν
1619 3519 1690 3593 βίον
1706 3515 1723 3579 6
1738 3520 1932 3601 στεφανίτης,

347 3620 495 3700 εὐλαβείᾳ
527 3624 579 3682 καί
603 3624 695 3704 φόβῳ
717 3627 785 3684 τότε
808 3622 1044 3702 κατεσχημένων
1077 3624 1130 3680 καί
1156 3618 1257 3703 μηδὲν
1287 3623 1453 3700 φροντίσαι
1475 3623 1545 3699 περὶ
1566 3623 1670 3702 ταφῆς
1691 3623 1711 3702 ή
1733 3619 1860 3701 κηδείας
1880 3625 1934 3684 τοῦ

348 3730 540 3807 μαρτυρικοό
563 3724 721 3806 λειφάνου
745 3724 975 3807 δεδυνημένων,
998 3721 1081 3805 μόνη
1105 3723 1298 3804 προσελθεῖν
1318 3722 1517 3804 ὑπομείνασα
1541 3733 1604 3796 τοῖς
1620 3723 1788 3795 κολασταῖς
1803 3723 1933 3798 λκείνοις

349 3833 402 3890 καί
425 3826 642 3908 ἀνδροφόνοις
674 3831 803 3909 καλιήν
826 3826 1112 3909 πολυκερδεστάτην
1134 3827 1177 3909 τῷ
1200 3827 1266 3888 όντι
1290 3829 1507 3908 πραγματείαν
1530 3829 1744 3910 ποιησαμένη,
1778 3826 1819 3889 δι’
1843 3823 1877 3909 ῆς
1898 3835 1931 3890 τδ

350 3929 541 3995 πολύαθλον
562 3930 663 3992 έκεῖνο
686 3937 777 4011 σῶμα
800 3938 853 3992 καὶ
876 3930 1053 4012 νικηφόρον
1083 3929 1180 3990 ὤνιον
1208 3930 1378 4011 χρημάτων
1408 3931 1465 4016 (ὡς
1488 3929 1595 4011 λόγος)
1625 3928 1858 4009 όπεραπείρων,
1890 3931 1933 3992 ἔτι

350 4036 385 4097 δέ
407 4035 569 4117 κτημάτων
592 4035 809 4118 πολυτιμήτων
830 4035 874 4107 είς
895 4036 1001 4115 ταφήν
1023 4029 1098 4113 ήμῖν
1120 4032 1285 4115 ἐκομίσθη,
1317 4033 1463 4114 ψαλμοῖς
1484 4031 1543 4119 (τός
1564 4032 1641 4117 ἔδει)
1664 4038 1717 4093 καί
1738 4032 1847 4111 ὕμνοις
1869 4031 1931 4095 δπδ

349 4138 516 4217 λαμπάσιν
545 4138 629 4201 όσων
659 4139 713 4201 οὐκ
743 4139 786 4200 άν
815 4161 857 4210 τις
887 4136 1033 4215 ἀριθμόν
1062 4137 1163 4197 εἰπεῖν
1185 4136 1284 4215 ἔσχεν,
1316 4138 1351 4199 δν
1372 4137 1520 4217 άριόμασι
1544 4143 1596 4199 καί
1617 4137 1729 4219 μύροις
1750 4136 1932 4200 πολυτελέσι

350 4240 620 4322 προπεμπόμενον
643 4240 735 4323 δείιρο
758 4243 833 4323 παρ’
856 4239 934 4322 όλην
955 4244 1009 4321 τήν
1025 4237 1105 4302 όδδν
1120 4243 1172 4299 καὶ
1191 4239 1481 4320 δορυφορούμενον,
1504 4243 1563 4314 έως
1585 4241 1602 4303 6
1626 4240 1709 4322 ίερδς
1730 4237 1817 4313 οὗτος
1838 4241 1933 4315 τόπος

349 4350 381 4408 τό
405 4345 491 4426 ίερδν
512 4345 706 4420 ὑπεδέξατο,
740 4351 793 4408 καί
815 4345 832 4407 6
858 4346 1021 4426 θησαυρός
1044 4342 1060 4404 6
1085 4342 1261 4420 πολύολβος
1283 4340 1322 4406 ού
1344 4348 1514 4426 προσῆκον,
1537 4345 1775 4426 έθησαυρίσθη·
1812 4344 1871 4427 ἀφ’
1893 4341 1933 4408 ού

349 4455 464 4530 μικρού
494 4452 561 4513 δεῖν
590 4452 676 4538 πόση
707 4451 799 4511 πόλει
828 4473 857 4509 τε
890 4453 941 4508 καὶ
971 4446 1061 4527 χώρᾳ
1091 4446 1280 4529 διενεμήθη,
1313 4453 1368 4509 ίνα
1389 4448 1489 4529 μηδὲν
1511 4447 1701 4527 οἰκούμενον
1721 4458 1815 4530 μέρος
1837 4451 1935 4531 γήςή

353 4553 517 4635 θαλάσσης
538 4556 590 4634 τῆς
612 4557 802 4634 μαρτυρικῆς
823 4551 968 4625 εὐλογίας
989 4547 1147 4635 ἀμοιρήση
1170 4554 1222 4608 καί
1246 4551 1393 4629 χάριτος,
1423 4551 1499 4613 ὥστε
1528 4557 1581 4611 καί
1610 4556 1671 4613 τῶν
1693 4551 1842 4616 ἐντεῦθεν
1866 4572 1932 4612 ποι·

350 4658 446 4719 κίλων
467 4662 521 4718 καὶ
543 4656 761 4719 παντοδαπῶν
783 4652 1040 4736 εὐεργετημάτων,
1074 4653 1077 4736 J
1110 4649 1156 4723 οίς
1186 4649 1272 4732 ήμεῖς
1300 4674 1332 4713 τε
1362 4652 1579 4735 διαφερόντως
1611 4653 1642 4715 σί
1672 4659 1790 4735 πρῶτοι
1855 4655 1935 4719 297²
2004 4643 2007 4648 ⁵

349 4767 403 4822 καί
424 4762 563 4840 μάλιστα
585 4764 618 4823 τό
641 4764 721 4840 μέγα
744 4763 848 4840 χρῆμα
871 4762 960 4820 τούτο
985 4756 1228 4838 πλουτήσαντες,
1261 4761 1313 4816 καί
1336 4755 1421 4829 όσοις
1442 4755 1553 4829 άλλοις
1575 4755 1694 4838 ὑπῆρξε
1716 4766 1882 4835 μετασχεῖν
1903 4779 1933 4818 τε

422 4890 435 4936 8
456 4883 610 4951 Aeschylus
629 4883 760 4937 Prometh
781 4902 795 4934 τ
811 4881 814 4949 ί
831 4900 845 4946 9
865 4897 960 4950 νικιιιῳ
979 4879 1067 4933 codex
