4560 6172
217 752 261 816 30
282 750 320 812 ἔα
344 748 380 812 δὲ
402 749 493 812 τόνδε
515 753 569 811 τὸν
591 753 716 833 κατηφῆ
738 751 925 835 πρεσβύτην·

280 853 391 916 δάκνει
413 854 474 936 γάρ
497 851 592 917 αὐτόν
614 853 696 916 ἄλλο
718 877 745 915 τι
768 858 906 936 κρυπτὸν
928 854 1050 931 πάθος.

277 960 339 1032 ἔξει
363 957 398 1019 δὲ
420 959 527 1022 τούτου
549 959 663 1040 μικρόν
684 955 834 1031 ὑπντόσας
856 959 954 1036 λύσιν,

277 1065 330 1122 καὶ
353 1057 552 1143 συγκροτήσει
575 1064 674 1123 πᾶσιν
697 1058 772 1143 ημῖν
795 1061 905 1145 ἡδέως.

191 1273 229 1338 8.
278 1269 335 1343 Είς
356 1271 411 1352 την
432 1270 591 1349 βάπτισιν.

234 1371 366 1456 1’Λνη“ρ
391 1371 534 1456 κομήτης,
559 1370 683 1450 αὐχμόν
705 1373 817 1452 άργιον
839 1374 973 1455 τρέφων,

275 1482 380 1558 τρίχας
404 1477 547 1558 καμήλου
571 1482 623 1537 καί
647 1476 745 1557 δοράς
768 1476 867 1559 ζοίνην
890 1481 1008 1560 φέρων,

275 1585 424 1662 άσαρκος,
446 1581 627 1665 ἡμίγυμνος,
650 1581 786 1657 α’γγέλου
808 1581 915 1656 τύπος,

277 1687 342 1766 ἧκει
365 1682 528 1769 προφήτης
550 1686 662 1758 καινός
684 1686 718 1760 έξ
741 1687 885 1768 ἐρημίας·

233 1792 254 1856 5
275 1794 401 1869 πρῶτον
423 1789 453 1851 δ’
475 1789 588 1853 ἑαυτοῦ
610 1790 747 1866 Χριστόν
770 1790 852 1851 εἶναι
873 1789 1011 1872 μηνύων,

276 1894 434 1957 δείκνυσιν
457 1892 552 1956 αὐτὸν
575 1898 654 1955 πάσι
677 1905 740 1966 τοῖς
764 1893 999 1976 ἠθροισμένοις,

277 2003 361 2078 νέμει
385 1999 421 2061 δὲ
443 2004 497 2059 καὶ
517 1998 680 2077 βάπτισμα
705 2009 769 2070 τοῖς
790 2001 991 2078 μυουμένοις.

275 2103 371 2185 τούτῳ
396 2102 586 2183 προσελθων
608 2102 752 2183 Χριστός,
776 2098 818 2174 ὡς
840 2103 1043 2181 ἐγνωσμένος,
1083 2095 1085 2099 ’

274 2207 356 2268 αἰτεῖ
377 2206 487 2283 λαβεῖν
508 2205 683 2286 βάπτισμα,
706 2215 769 2276 τοϊς
792 2205 905 2279 ἄλλοις
927 2209 991 2268 ίσα.

214 2309 293 2376 1οό
317 2309 346 2371 δ’
368 2308 401 2373 εί
422 2309 584 2386 γινσίσκων
606 2308 689 2382 ὅστις
711 2305 799 2381 οὗτος
823 2314 875 2369 καὶ
902 2311 1018 2384 πόθεν,

274 2424 388 2495 πεῖραν
411 2418 444 2475 τό
467 2412 611 2494 πρᾶγμα,
634 2424 750 2494 πεῖραν
771 2414 890 2496 ἡγεῖται
912 2417 1027 2493 μόνον,

273 2516 354 2578 ὅθεν
376 2523 533 2597 κραταιῶς
555 2517 715 2577 ἀντιτείνει
739 2525 780 2601 τῷ
804 2516 901 2600 λόγῳ.

274 2620 358 2702 πλην
380 2618 450 2681 ἄλλ’
473 2618 590 2683 ὑπείκει
613 2619 767 2682 δεσπότου
790 2624 970 2700 προθυμίᾳ,

274 2728 376 2805 τρέμει
399 2723 428 2784 δ’
452 2722 538 2803 ὅμως
559 2728 614 2804 την
635 2734 739 2803 χεῖρα,
763 2727 818 2785 καὶ
841 2725 939 2808 ψαύει
961 2723 1064 2805 μόλις,

214 2829 254 2893 15
279 2827 365 2914 ίάνω
389 2830 534 2905 θεωρῶν,
559 2824 601 2898 ὡς
625 2826 745 2903 ίλιγγον
766 2827 916 2911 έκφίγοι·

272 2930 398 3013 μάλλον
421 2932 456 2993 δέ
478 2930 570 2992 κάκετ
591 2937 723 3013 φρικτόν
745 2932 825 2993 ἄλλο
851 2955 878 2994 τι
900 2930 1021 3012 βλέπει.

273 3039 438 3119 περιστερά
462 3037 600 3098 κάτεισιν
621 3035 666 3109 εἰς
685 3039 745 3118 γῆν
765 3033 907 3120 ὑψόθεν,

274 3141 312 3223 ἣν
332 3141 462 3222 οὐρανοὶ
484 3143 663 3220 πέμπουσιν
685 3140 719 3201 έκ
740 3142 800 3202 τῶν
823 3140 1019 3219 σχισμάιων·

276 3251 367 3329 φωνη
390 3245 419 3306 δ’
442 3245 568 3306 ἐκεῖθεν
590 3246 723 3328 πατρική
747 3247 866 3326 βροντᾷ
887 3247 981 3323 μέγα,

210 3351 252 3415 20
274 3347 345 3411 υίδν
367 3349 509 3413 καλοῦσα
532 3353 669 3431 Χριστόν
691 3348 905 3432 ἠγαπημένον.

274 3457 328 3514 καὶ
349 3463 501 3535 μαρτυρετ
520 3455 554 3515 τό
577 3457 711 3532 πνεῦμα,
735 3456 830 3538 τούτῳ
852 3456 1043 3536 προστρέχον

274 3557 316 3620 δι’
341 3557 379 3618 δν
399 3557 570 3640 κατῆλθεν,
595 3553 621 3643 ᾧ
644 3564 763 3638 σεμνῶς
785 3557 939 3641 ε’φιζάνει.

271 3666 377 3747 πτηνῷ
400 3662 429 3724 δ’
451 3663 552 3724 ἔοικεν
574 3661 745 3746 όξυκινητρι
774 3665 880 3744 φύσει·

274 3772 455 3848 περιστερᾶς
477 3768 538 3848 γάρ
561 3766 654 3841 εἶδος,
678 3765 720 3839 άς
741 3765 969 3844 ἁπλουστέρας.

208 3872 249 3936 25
273 3875 374 3942 συνεὶς
397 3869 432 3931 δέ
454 3874 550 3934 ταῦτα
573 3876 626 3930 καί
649 3874 791 3950 ποταμός
814 3870 916 3954 η’ρέμα

271 3973 341 4053 ίσιᾷ
365 3977 398 4036 τό
421 3973 556 4057 ῥεῖθρον
576 3978 630 4038 τοῦ
652 3975 773 4056 δρόμου
795 3984 848 4036 καὶ
871 3977 1050 4054 προσμένει,

269 4079 348 4143 οὕτω
370 4103 405 4156 γε
426 4085 524 4159 τιμῶν
546 4080 601 4160 την
624 4082 703 4140 θεοῦ
724 4081 915 4159 παρουσίαν,

271 4188 325 4244 καί
347 4187 402 4265 την
424 4183 525 4265 καλην
547 4184 711 4262 κάθαρσιν
734 4181 990 4263 άυτιλαμβάνων,

269 4286 312 4361 ὠς
335 4295 457 4368 πρῶτος
479 4284 571 4358 αὐτὸς
593 4288 648 4370 την
668 4291 761 4368 χάριν
784 4287 970 4367 δεδεγμένος

206 4393 249 4457 30
270 4391 350 4474 ἀρχὴ
373 4396 499 4475 γένηται
521 4391 600 4474 τῷδε
623 4395 665 4474 τῷ
687 4395 854 4476 μυστηρίῳ.

267 4499 354 4560 τοῦτο
377 4498 498 4575 βροτῶν
522 4499 601 4576 φώς,
624 4501 712 4559 τοῦτο
735 4495 864 4578 δευτέρα
887 4494 1021 4569 πλάσις·

271 4603 411 4681 χάρισμα
436 4605 489 4660 καὶ
512 4600 697 4682 σφράγισμα
720 4606 773 4661 καὶ
796 4603 949 4683 σωτηρία·

272 4710 358 4768 τοῦτο
382 4706 543 4783 κροτοῦσιν
565 4703 704 4781 ἄγγελοι,
728 4715 791 4778 τοϊς
811 4706 931 4788 γηίνοις

273 4808 383 4892 η’διστα
406 4810 624 4890 συγχαίροντες
647 4808 689 4880 ὡς
712 4813 908 4890 θεουμένοις.

204 4915 246 4979 35
273 4912 494 4996 άπευχαριστῶ
516 4911 621 4975 πολλοὶ
643 4918 685 4998 τῷ
710 4913 904 5000 λελουμένη·

1236 2828 1274 2895 31

1770 590 1791 654 3

1583 794 1613 841 30
1631 775 1791 829 Matthaeus

1583 863 1715 913 1‚1920:
1744 863 1790 900 ve·

1584 936 1644 970 rum
1652 919 1711 971 Iesu
1722 920 1789 972 nato

1582 990 1715 1057 Iosephus
1755 988 1789 1043 de

1583 1061 1688 1114 Mariae
1708 1059 1790 1128 pudi-

1582 1131 1650 1184 citia
1672 1131 1728 1183 iam
1748 1148 1789 1185 τε·

1583 1220 1665 1256 curus
1683 1205 1745 1256 erat

1582 1413 1593 1446 1
1629 1393 1789 1449 Matthaeus

1583 1465 1789 1531 3‚418Mat-

1581 1538 1681 1589 thaeus
1708 1555 1731 1603 3,
1759 1558 1786 1605 13

1581 1627 1645 1674 „17

1574 4526 1601 4572 3¹
1625 4507 1705 4560 Titus
1724 4528 1748 4576 3,
1766 4527 1779 4577 5

1574 4577 1710 4633 Iohannes
1729 4598 1779 4647 3,5
