4560 6172
527 520 588 583 136
2028 519 2115 586 1⁸0

527 688 679 769 έμφανώς
700 693 752 748 καὶ
782 687 1036 767 συναιθριάσας,
1069 685 1188 768 ὄφελός
1218 710 1247 748 τε
1277 699 1344 762 ταῖς
1365 693 1484 772 χώραις
1505 693 1629 771 γένηται
1650 691 1731 768 μέγα
1755 690 1835 769 πρδς
1855 686 2033 767 εὐκαρπίαν
2054 691 2108 747 καί

528 802 591 863 τοῖς
613 793 710 863 οἴκοις
732 789 810 870 πρός
831 789 986 866 εὐλογίαν,
1009 790 1051 852 δι’
1075 785 1121 851 ών
1142 789 1320 876 παλροδεύει
1342 795 1419 871 μετά
1442 797 1493 874 τῆς
1514 794 1648 872 χάριτος.
2031 791 2109 854 181¹

616 895 688 957 17Ἡ
704 899 763 973 μὲν
784 897 889 956 τοίνυν
912 893 1087 976 πανήγυρις
1108 893 1183 974 η’μίν
1202 894 1367 979 τηλικαύτη
1383 900 1437 958 καὶ
1450 898 1607 969 τοσούτοις
1619 895 1747 956 κάλλεσι
1763 891 1867 977 κύκλῳ
1883 894 2107 977 κατηγλάτσται

528 1003 639 1082 σαφιῦς
662 1005 715 1060 καὶ
736 997 944 1071 πεποίκιλται,
967 1001 1000 1059 τὸ
1023 996 1058 1058 δὲ
1081 996 1250 1059 κάλλιστον
1272 995 1427 1061 ἁπάντων
1449 1004 1502 1060 καὶ
1524 1002 1736 1080 χαριέστατον,
1769 996 1815 1060 ότι
1837 997 1939 1082 πληρη
1961 1000 2021 1077 μέν
2042 997 2106 1060 έστι
2219 1072 2222 1085 Ι

527 1104 633 1164 πάντα
665 1101 760 1184 δόξης
800 1104 878 1165 θεοῦ
918 1106 972 1162 καὶ
999 1102 1061 1161 τῶν
1088 1100 1123 1174 έξ
1151 1100 1269 1173 αίώνος
1300 1099 1395 1166 αὐτόν
1423 1100 1693 1183 θεραπευσάντων
1723 1105 1870 1183 γνησίοις,
1906 1099 1952 1162 ών
1986 1099 2106 1185 ἑκάστῳ

527 1207 648 1279 τελετὰς
670 1205 848 1288 διαφόρους
871 1209 924 1265 καὶ
947 1203 1172 1284 πολυωνύμοος
1193 1205 1326 1280 ἄγουσιν
1347 1204 1523 1284 ἀνθρωποι
1545 1212 1634 1289 κοινῆ
1657 1229 1686 1268 τε
1709 1211 1761 1267 καὶ
1781 1209 1859 1267 κατά
1882 1209 1986 1285 μέρος,
2011 1212 2102 1287 παρά

527 1311 595 1382 τοὺς
617 1310 732 1382 ἀλλους
755 1309 791 1372 δὲ
813 1308 936 1382 πάντας
958 1308 1117 1389 έξαίρετόν
1137 1330 1207 1370 τινα
1228 1307 1344 1392 ταύτην
1366 1310 1383 1372 ὑ
1408 1308 1552 1395 ἡμέτερος
1569 1310 1680 1392 εἴληχε,
1703 1310 1784 1373 πολὺ
1803 1309 1884 1386 πρὸς
1903 1314 1958 1378 τάς
1976 1307 2105 1368 έκείνων

526 1421 559 1476 τό
582 1411 761 1497 ὑπερφέρον
783 1417 836 1475 καί
858 1411 1081 1492 παραλλάττον
1105 1411 1304 1476 πλουτοῦσαν
1326 1412 1394 1492 οὐχὶ
1417 1414 1578 1494 πράγματι
1599 1414 1710 1494 μόνον,
1733 1411 1817 1474 ἀλλά
1835 1409 1872 1493 δη
1889 1417 1942 1471 καὶ
1957 1409 2105 1489 ὀνόματι·

527 1522 582 1602 την
603 1523 664 1601 γὰρ
686 1523 748 1581 τάν
770 1517 903 1580 ἀνθέων
924 1517 1037 1600 ταύτην
1059 1517 1230 1594 έπώνυμον
1251 1516 1309 1596 οὐχ
1340 1513 1430 1601 ἧττον
1461 1519 1629 1597 έπώνυμον
1658 1521 1723 1589 πός
1744 1540 1787 1588 τις
1810 1515 1875 1577 οίδε
1899 1520 1952 1574 καὶ
1973 1519 2027 1578 τοῦ
2047 1537 2103 1593 με·

526 1623 646 1698 γάλου,
686 1623 720 1697 ἐξ
750 1618 788 1686 οὗ
821 1627 874 1682 καὶ
905 1625 959 1703 τη“ν
990 1621 1080 1700 τιμην
1109 1616 1177 1682 οἷον
1215 1619 1378 1701 γνώρισμα
1408 1626 1571 1688 ποιοῦνται
1600 1625 1654 1687 τοῦ
1681 1622 1873 1701 τιμωμένου·
1906 1616 1944 1683 οὐ
1972 1625 2033 1699 γάρ
2062 1619 2105 1677 ἀν

526 1748 571 1799 τις
592 1726 729 1800 ἀκούσας
757 1725 920 1805 ἀνθισμδν
947 1724 982 1786 έν
1012 1725 1097 1809 πάση
1128 1729 1162 1812 τῇ
1191 1728 1230 1810 γῇ
1260 1727 1338 1785 καθ’
1367 1725 1405 1807 ἢν
1427 1723 1662 1807 ῦπερλάμπρως
1684 1723 1700 1806 ἡ
1725 1724 1859 1804 σήμερον
1880 1721 2009 1783 τελεϊται
2040 1742 2102 1800 μυ.

528 1833 698 1907 σταγωγία,
727 1828 828 1891 ἀλλον
857 1830 899 1888 ἀν
927 1831 990 1892 τιῦν
1018 1824 1118 1902 ἁγίων
1147 1826 1200 1887 ἐπὶ
1230 1831 1305 1891 νοῦν
1334 1829 1462 1909 βάλοιτο
1491 1828 1575 1909 πλην
1603 1831 1623 1911 ἦ
1654 1829 1759 1892 τοῦτον
1780 1827 1834 1888 τδν
1854 1826 2045 1904 έξοχώτατον
2067 1824 2102 1886 έν

528 1938 607 1995 πᾶσι
621 1937 673 1995 καί
687 1931 941 2013 γνωριμώτατον·
964 1932 993 1993 εί
1016 1929 1052 1991 δέ
1074 1950 1137 1992 που
1159 1934 1213 1990 καὶ
1235 1929 1338 1996 αὐτῶν
1360 1936 1438 1994 τισὶν
1459 1937 1534 2005 ἴσως
1555 1933 1607 1997 ὑπ’
1629 1932 1722 1993 ένίων
1743 1932 1872 1993 τοιαῦτα
1895 1926 2102 2009 προσφιλοτι-

527 2047 630 2116 μείται
653 2073 694 2083 -
718 2036 721 2120 Ι
747 2035 849 2117 δῆθεν
869 2036 913 2108 είς
934 2037 1064 2116 μίμησιν
1088 2071 1137 2107 -,
1159 2033 1233 2096 ἀλλ’
1255 2032 1326 2108 ένδς
1338 2040 1435 2099 ταῦτα
1451 2036 1557 2097 πάντα
1574 2036 1776 2115 πρωτοτύποο
1795 2031 1957 2107 ἀντίτυπα,
2026 2032 2102 2096 181²

529 2144 561 2202 ιδ
576 2139 622 2214 δέ,
644 2138 820 2218 μοναδικόν
840 2161 870 2201 τε
892 2144 945 2200 καὶ
968 2138 1109 2215 ἄμικτον,
1132 2135 1323 2218 ἀσυγκρίτως
1345 2136 1498 2200 ἁπάντων
1520 2137 1672 2220 ὑπερέχον
1693 2142 1747 2198 καὶ
1768 2135 1949 2217 ὑπεραῖρον.

618 2243 730 2324 18Περὶ
751 2247 810 2320 μὲν
831 2239 887 2307 οὑν
908 2243 1021 2306 τούτων
1042 2240 1095 2301 ἐπὶ
1117 2246 1276 2304 τοσοῦτον·
1308 2242 1377 2303 ἐπεὶ
1406 2242 1435 2302 δ’
1466 2239 1483 2303 ὑ
1516 2248 1625 2324 καιρὸς
1653 2243 1707 2304 έπί
1737 2242 1792 2322 τὴν
1819 2240 2011 2320 μαρτυρικην
2041 2236 2101 2320 ἤδη

530 2347 673 2428 πρόοδον
695 2348 843 2411 έντεῦθεν
865 2345 965 2418 καλεῖ,
985 2343 1041 2406 τόν
1062 2366 1092 2405 τε
1107 2343 1203 2416 λόγον
1217 2346 1440 2406 α’ναπαυστέσν
1462 2349 1515 2406 καὶ
1540 2344 1705 2408 διαλυτέον
1717 2346 1771 2407 τὸν
1789 2344 1955 2419 σύλλογον,
1978 2341 2103 2420 μᾶλλον

531 2451 566 2512 δὲ
589 2454 797 2531 προιρεπτέον
825 2450 878 2512 έπὶ
906 2453 961 2533 την
989 2447 1056 2510 έκεϊ
1083 2446 1272 2530 συνδρομήν,
1303 2448 1545 2528 έμπαράσκευον
1575 2456 1627 2512 καὶ
1656 2450 1762 2523 άλλως
1790 2450 1866 2512 ὄντα
1896 2453 1949 2508 καὶ
1979 2449 2104 2526 προθυ·

529 2557 667 2637 μότατον
681 2593 718 2603 -
738 2560 792 2618 καὶ
808 2559 876 2628 πώς
889 2559 949 2636 γὰρ
972 2551 1028 2617 οὐκ
1050 2551 1196 2632 ἔμελλενς
1217 2554 1268 2615 ἐπ’
1285 2551 1360 2616 αὐτό
1375 2556 1489 2636 παρών
1502 2558 1600 2635 τοῦτο,
1623 2559 1676 2616 καὶ
1698 2553 1803 2615 πάντα
1826 2556 1906 2634 πρδς
1928 2552 2027 2627 δόξαν
2050 2556 2104 2613 καὶ

529 2661 619 2743 τιμην
641 2663 693 2741 τῆς
715 2657 833 2742 η’μέρας
853 2659 888 2721 έκ
909 2661 1033 2737 μακροῦ
1056 2657 1196 2742 πληροῦν
1217 2660 1529 2741 προηυτρεπισμένος,
1564 2657 1607 2732 ὡς
1629 2660 1671 2720 ἀν
1692 2657 1745 2721 έπῐ
1766 2656 1950 2737 τελεωτέρας
1974 2658 2104 2729 πίστεως

530 2766 632 2845 ἔργοις
653 2763 885 2843 πλουσιωτέρας
906 2759 1033 2834 εἰκότως
1054 2765 1106 2822 καὶ
1126 2760 1181 2832 τάς
1201 2758 1405 2841 ἀντιμισθίας
1427 2761 1507 2841 ἔχων
1529 2760 1682 2826 ἀπέλθοι.
1703 2765 1789 2835 τίνας
1811 2759 1849 2844 δη
1873 2762 1953 2836 λέγω
1975 2759 2105 2837 ταύταςς

532 2867 630 2951 ῥύσιν
652 2869 766 2950 ψυχης,
788 2864 886 2949 βάσιν
907 2863 1061 2944 σώματος,
1083 2861 1237 2927 εύόδωσιν
1260 2866 1342 2942 βίου,
1363 2867 1474 2940 γένους
1496 2865 1671 2951 προκοπην,
1707 2870 1803 2928 οἴκων
1826 2866 1967 2947 αὔξησιν,
1995 2861 2106 2924 dna).-

531 2971 631 3054 λαγιὶν
653 2969 771 3042 παντὸς
792 2968 941 3048 χαλεποῦ,
964 2967 1164 3047 πλεονασμὸν
1186 2965 1334 3042 ἀγαθάν,
1357 2972 1419 3030 ταῖν
1441 2967 1649 3052 ἀγνοημάτων
1670 2968 1855 3051 συγγνώμην
1877 2973 1930 3029 καὶ
1953 2966 2106 3050 σωτηρίαν

533 3070 680 3138 αἰώνιον·
705 3077 821 3146 τούτοις
840 3075 901 3154 γάρ
925 3071 984 3155 ἤδη
1006 3077 1103 3134 πᾶσιν
1125 3068 1143 3133 ὁ
1167 3069 1350 3146 λόγοςτοὺς
1371 3071 1423 3134 έπί
1445 3072 1551 3153 χώρας
1577 3096 1608 3135 τε
1628 3076 1781 3152 μένοντας
1797 3073 1801 3160 γ
1818 3072 1962 3155 ἀσμένως
2028 3071 2105 3137 182ι

533 3178 775 3260 φιλοφρονεῖται
795 3181 848 3237 καὶ
869 3175 939 3248 τοὺς
960 3173 1115 3247 ἀπιόντας
1137 3175 1287 3239 ἐντεῦθεν
1313 3174 1495 3255 ἐφοδιάζων
1525 3177 1694 3256 ἐκπέμπει,
1724 3180 1807 3258 μέγα
1831 3183 2017 3256 ποιούμενος
2038 3179 2107 3258 (καὶ

533 3280 661 3364 σφόδρα
684 3281 827 3362 δικαίως)
848 3280 903 3362 την
924 3277 1076 3360 τοσαύτην
1097 3283 1168 3361 περὶ
1188 3281 1245 3341 τόν
1266 3278 1358 3353 ἅγιον
1379 3277 1616 3363 εὐγνωμοσύνην
1639 3282 1767 3343 πάντων
1790 3287 1843 3343 καὶ
1864 3282 2001 3355 εῦνοιαν,
2020 3280 2107 3363 ,ὅθεν

534 3392 586 3448 καὶ
609 3389 782 3456 πεινῶντας
804 3384 899 3456 οὑτως
922 3381 1099 3465 αὐτοὺςτην
1115 3381 1334 3465 δικαιοσύνην*
1357 3381 1451 3461 δρῦν,
1474 3383 1634 3447 ἀπολῦσαι
1655 3384 1774 3468 νησπς*
1795 3386 1944 3449 έντεῦθεν
1965 3385 2108 3467 ἧκενοὺς

534 3490 675 3571 έφοδίων
698 3487 754 3567 οὐχ
776 3488 937 3568 ὑπομένει.

623 3590 649 3630 ¹⁹
661 3595 769 3655 Ταῦτα
791 3594 850 3670 μὲν
871 3596 924 3652 καί
946 3594 1003 3654 νῦν
1025 3591 1101 3669 παρ’
1123 3590 1215 3671 ημῶν
1236 3609 1295 3668 σοι,
1317 3594 1437 3668 μέγιστε
1459 3591 1587 3672 μάρτυς,
1620 3594 1675 3666 οῦς
1695 3592 1847 3666 έκάλεσας
1869 3591 2042 3672 πόρρωθεν
2062 3592 2107 3665 είς

534 3697 589 3779 την
611 3695 668 3778 σὴν
690 3694 884 3777 λειτουργίαν
909 3732 940 3740 -
976 3691 1035 3757 οὐκ
1057 3691 1131 3755 οίδα
1155 3696 1223 3767 πῶς
1244 3697 1297 3754 καὶ
1318 3696 1398 3775 πρὸς
1420 3697 1448 3758 τί
1470 3698 1489 3778 ἢ
1511 3698 1589 3758 κατά
1608 3700 1694 3769 τίνας
1715 3695 1830 3772 λόγους
1852 3697 2034 3775 οἰκονομίας
2056 3727 2107 3744 -·

535 3801 572 3862 σύ
601 3798 637 3859 δὲ
666 3795 844 3880 ἀφέστηκας
876 3802 929 3858 καὶ
957 3798 1000 3860 ἔτι
1028 3800 1206 3877 μακρόθεν,
1240 3794 1418 3880 ὑπερορᾷς*
1449 3800 1484 3861 έν
1512 3799 1700 3885 εὐκαιρίαις,
1731 3801 1767 3862 έν
1794 3799 1959 3884 θλίψεσιν,
1990 3801 2030 3861 ἵν’
2052 3798 2108 3861 οὐκ

535 3902 686 3983 εὐκαίρως
717 3904 790 3974 ἴσως
820 3901 913 3976 αὐτός
940 3901 976 3964 έν
1003 3898 1162 3980 εὐθυμίας
1191 3906 1292 3987 καιρῷ
1322 3902 1534 3987 παλινωδησω
1556 3928 1583 3967 τι
1609 3908 1722 3986 μικρόν
1744 3910 1797 3967 καὶ
1820 3903 2111 3985 παρατραγωδησω,

535 4008 571 4094 τῇ
594 4010 652 4067 νῦν
676 4004 839 4095 ἀνατροπῇ
864 4011 916 4068 καί
937 4006 1080 4084 συγχύσει
1102 4006 1195 4091 ταότη
1217 4010 1280 4068 τών
1301 4008 1381 4069 καθ’
1402 4004 1484 4090 ἡμᾶς
1506 4010 1702 4090 πραγμάτων
1718 4007 1961 4085 έπιστυγνάζων,
1983 4010 2036 4068 καὶ
2057 4011 2113 4087 την

536 4115 592 4194 ση“ν
615 4115 782 4193 καρτερίαν
804 4116 875 4191 περὶ
896 4115 993 4173 ταῦτα
1015 4114 1069 4171 καὶ
1091 4106 1220 4191 ἀνοχην,
1252 4110 1290 4191 ἣν
1319 4111 1372 4173 έπὶ
1400 4116 1547 4176 τοσοῦτον
1578 4113 1675 4201 ἀνέχη
1709 4117 1798 4192 παρὰ
1830 4115 1864 4172 τδ
1887 4111 1970 4184 είκδς
2003 4113 2056 4171 καὶ
2077 4113 2111 4172 τό

535 4215 623 4288 ἔθος,
647 4213 915 4294 ὑπερθαυμάζων,
938 4214 980 4275 δι’
1003 4212 1041 4295 ἢν
1062 4212 1115 4296 έφ’
1139 4213 1219 4275 οὕτω
1241 4216 1366 4296 μακρόν
1386 4217 1441 4301 τη“ν
1463 4221 1711 4298 θαυματουργδν
1733 4217 1859 4294 έπέσχες
1877 4214 2037 4295 ένέργειαν
2059 4217 2112 4274 καὶ

537 4316 715 4401 ἀπέστησας
736 4316 844 4403 πλέίον
866 4341 884 4399 η
908 4317 1078 4396 δυνάμεθα
1102 4320 1211 4399 φέρειν
1234 4315 1293 4400 ἀφ’
1316 4314 1405 4401 ἦμών
1425 4325 1462 4399 τὰ
1486 4322 1559 4405 έλέη
1582 4339 1648 4383 σου.
1695 4317 1786 4381 2οοάκ
1803 4318 1971 4406 λπισκέπτη
2038 4317 2115 4382 182²

535 4425 716 4495 νοσοῦντας,
740 4418 778 4482 οὐ
800 4419 1051 4501 παιραζομένους
1073 4421 1248 4502 ολκτείρεις,
1281 4417 1339 4485 οὐκ
1362 4422 1571 4504 ἀθυμοῦντας
1591 4420 1805 4502 παρακαλεϊς,
1836 4418 1873 4482 οὐ
1896 4424 2027 4503 βοηθεῖς
2048 4441 2114 4482 κιν-

536 4525 716 4587 δυνεύουσι·
741 4528 794 4585 καὶ
816 4523 902 4607 ημείς
922 4528 981 4602 μὲν
1003 4523 1161 4598 δικαίως*,
1184 4528 1238 4585 ἵνα
1260 4529 1313 4585 καὶ
1336 4525 1430 4601 αὐτός
1451 4534 1505 4590 τδν
1526 4523 1711 4604 εὐγνώμονα
1731 4523 1856 4606 ζηλώσω
1879 4523 2012 4611 ληστην·
2035 4523 2112 4597 ἀξια

536 4633 597 4710 γάρ
621 4629 662 4714 δη’
686 4651 748 4691 που
770 4633 832 4691 τών
864 4631 1096 4711 πεπραγμένων
1129 4631 1148 4710 η’
1178 4632 1233 4689 καὶ
1253 4635 1476 4711 πραττομένων
1505 4627 1789 4710 ἀπολαμβάνομεν,
1825 4624 1841 4688 ό
1866 4626 1903 4689 δὲ
1926 4625 2004 4699 λαός
2026 4620 2116 4698 οὗτος

538 4738 582 4812 τίς
604 4735 638 4796 τδ
661 4731 748 4815 ίερδν
769 4735 859 4797 τοῦτο
881 4737 1046 4811 ποίμνιον,
1080 4733 1113 4793 τδ
1136 4739 1185 4793 σοὶ
1207 4737 1363 4814 καθαράς
1382 4740 1436 4797 καὶ
1458 4733 1567 4808 λδικιῦς
1590 4732 1799 4811 ἀνακείμενον
1821 4734 1875 4791 καί
1895 4734 1946 4793 σοὶ
1967 4730 2117 4813 διηνεκοῦς

610 4862 638 4909 18
657 4856 749 4911 Matth
769 4873 792 4923 5,
811 4855 891 4927 6118
910 4856 1003 4911 Matth
1023 4873 1060 4923 ις,
1079 4855 1175 4923 ςιΙιη
1195 4853 1483 4927 (ίωοίίπίίογοιίιη
1503 4856 1595 4912 ΡεοΙαι
1613 4859 1633 4907 θ
1651 4865 1749 4920 κτητο
1767 4852 1824 4907 Luc
1842 4871 1881 4920 23,
1899 4872 1929 4918 41
