4560 6172
341 542 405 608 186
1838 540 1927 608 10⁶

342 708 500 795 όχήματος
521 708 636 798 παρήει
657 709 840 790 βασιλικοῦ,
866 709 1042 790 βασιλικοῖς
1070 713 1124 771 καὶ
1145 706 1236 783 αῦτός
1257 708 1512 790 έναγαλλόμενος
1533 708 1746 792 παρασήμοις,
1775 713 1829 771 καί
1850 730 1933 791 προ-

343 817 436 898 σήγεν
457 812 553 888 οὕτως
579 813 682 897 ήρέμα
706 824 771 889 τοίς
793 817 864 895 περί
884 816 921 876 τά
954 811 1100 893 βασίλεια
1127 816 1235 893 τείχεσι
1268 811 1344 894 μετὰ
1376 815 1516 895 σοβαροῦ
1544 817 1598 879 τοῦ
1628 811 1839 893 βαδίσματος,
1871 814 1931 883 ίως

343 917 449 1001 λόφον
471 915 699 999 άποσκοπήσας
720 919 844 995 ἔγγιστά
871 940 934 981 που
955 920 1044 999 παρά
1066 919 1122 1000 τήν
1142 921 1279 1000 τάφρον,
1314 917 1365 980 ἐπ’
1385 915 1481 983 αἰτοῦ
1504 918 1647 998 προσβάς
1668 916 1755 999 ἔστη,
1787 924 1852 988 τοίς
1873 914 1927 978 aaz

343 1028 396 1105 τής
417 1019 540 1094 πόλεως
561 1024 641 1083 πάσι
662 1024 850 1105 καταφανής
872 1026 927 1084 καί
949 1024 1124 1103 περίοπτος.
1143 1024 1226 1102 μίγα
1249 1021 1286 1083 δέ
1308 1045 1336 1084 τι
1357 1025 1455 1104 νέφος
1476 1018 1576 1094 εῦθύς
1596 1015 1738 1082 ἱππικῶν
1758 1016 1929 1100 ταγμάτων

346 1126 401 1186 καί
423 1123 557 1197 πεζικῶν
580 1123 584 1210 Ι
607 1124 644 1186 τά
667 1128 729 1207 πρὸ
752 1128 815 1188 τῶν
834 1129 945 1206 τειχῶν
965 1125 1034 1206 άμα
1057 1127 1162 1188 πάντα
1184 1137 1304 1206 κατεῖχε
1326 1130 1380 1188 καί
1401 1124 1641 1200 συνεκάλυπτεν,
1669 1123 1784 1204 ἄνδρες
1848 1123 1927 1188 265¹

345 1227 459 1291 έκεῐνοι
483 1226 614 1311 α’πηνείς
635 1231 694 1308 μὲν
715 1230 771 1302 τάς
790 1230 895 1307 ὄψεις,
924 1226 1158 1312 άπηγριωμένοι
1181 1229 1216 1292 δὲ
1238 1230 1293 1303 τάς
1314 1229 1439 1313 ψυχάς,
1463 1227 1581 1311 φόνιον
1602 1227 1779 1307 βλέποντες,
1809 1226 1928 1309 φόνιον

347 1335 504 1408 πνέοντες,
520 1335 660 1414 φοβερόν
672 1335 733 1411 μὲν
745 1343 809 1404 τοῖς
822 1330 932 1406 ὅπλοις
947 1331 1183 1413 αότράπτοντες,
1204 1333 1448 1405 έπιδουποῦντες
1470 1331 1506 1394 δὲ
1521 1330 1747 1414 φοβερώτερον.
1835 1328 1929 1412 88ήδη

349 1436 378 1498 δ’
400 1433 458 1499 οῦν
482 1435 757 1519 προσπελάσαντες
777 1438 814 1525 τή
835 1435 949 1521 τάφρῳ
971 1435 1112 1499 κάκετνοι
1134 1442 1188 1498 καί
1208 1435 1337 1510 ἑαυτούς
1357 1446 1421 1509 τοῖς
1441 1438 1568 1515 τείχεσιν
1591 1434 1928 1516 άντιπαρεκτείναντες,

350 1539 394 1613 είς
414 1542 505 1615 τάξιν
532 1542 730 1622 κατέστησαν.
760 1543 814 1600 καί
840 1577 883 1587 -
910 1543 944 1602 τό
976 1536 1137 1619 ᾀδόμενον
1164 1542 1251 1606 τοῦτο
1281 1577 1325 1589 -
1353 1544 1599 1620 σκιαμαχοῦντες
1627 1539 1818 1623 ἑστήκεισαν,
1851 1540 1933 1620 πρδς

349 1641 444 1708 οῦδὲν
465 1644 498 1705 τὸ
521 1640 697 1705 άντίπαλον
718 1647 870 1718 γενναίως
892 1643 1161 1724 παραταττόμενοι
1190 1648 1243 1705 καί
1273 1643 1452 1717 άκινδύνως
1478 1642 1555 1728 ήμτν
1582 1646 1636 1727 τήν
1666 1641 1835 1723 εὐτολμίαν
1856 1641 1931 1706 ἐπι-

352 1746 557 1827 δεικνύμενοι.
580 1749 661 1826 πρὸς
680 1749 779 1809 ταῦτα
801 1749 878 1828 παρ’
900 1744 985 1810 εῦθῦ
1005 1751 1064 1827 μὲν
1086 1748 1189 1830 φόβος
1211 1747 1337 1810 ένέπεσε
1359 1759 1423 1823 τοῖς
1446 1747 1525 1830 ὑπὲρ
1545 1750 1607 1811 τῶν
1626 1751 1737 1827 τειχῶν
1754 1743 1794 1809 ού
1806 1749 1930 1828 μικρός,

353 1851 422 1930 άμα
444 1853 504 1931 μὲν
525 1851 581 1931 τήν
602 1847 745 1932 άήθειαν
766 1850 993 1928 καταπλαγείσι
1015 1855 1067 1932 τής
1089 1852 1214 1933 ὄψεως,
1237 1851 1306 1932 ἅμα
1329 1851 1383 1925 δέ,
1405 1852 1447 1934 μή
1471 1856 1504 1914 τδ
1526 1863 1625 1931 τεῖχος
1647 1849 1678 1912 οἳ
1700 1850 1846 1930 πολέμιοι
1869 1872 1929 1910 κα-

353 1958 584 2018 τασκέπτωνται
611 1958 666 2015 καὶ
694 1959 854 2017 σκοπῶσιν
881 1950 919 2020 οὗ
946 1954 1177 2036 προσβαλοῦσι·
1206 1959 1234 2018 τί
1262 1959 1323 2037 γάρ
1352 1958 1394 2017 άν
1416 1957 1497 2020 ἄλλο
1518 1954 1698 2035 βούλεσθαι
1720 1957 1775 2037 τήν
1797 1953 1931 2036 ήσυχίαν

353 2060 465 2143 ταύτην
486 2056 613 2137 αὐτοῖς,
634 2056 678 2132 ῶς
700 2059 736 2121 δέ
758 2061 836 2142 παρ’
859 2059 993 2134 έλπίδας
1013 2061 1139 2143 άπήντα
1162 2061 1277 2132 τούτοις
1301 2063 1334 2123 τῦ
1357 2065 1500 2142 πρᾶγμα,
1534 2065 1587 2120 καὶ
1611 2056 1722 2142 φωνήν
1744 2056 1933 2138 παράδοξον

353 2167 493 2248 ήκουσαν
511 2164 752 2248 ἐγκελευομένην
774 2162 879 2237 αύτοίς
901 2162 1098 2227 άναπετάσαι
1120 2165 1174 2236 τάς
1189 2164 1291 2237 πύλας
1307 2167 1359 2225 καὶ
1374 2165 1429 2226 τόν
1441 2162 1563 2227 ἑαυτῶν
1576 2162 1712 2242 βασιλέα
1727 2163 1791 2242 μετ’
1806 2161 1933 2244 είρήνης

355 2268 469 2350 ήκοντα
494 2266 498 2352 y
523 2267 694 2343 δέξασθαι,
718 2272 772 2330 καί
792 2273 879 2335 τοῦτο
896 2266 1061 2343 πολλάκις,
1082 2272 1135 2329 καί
1157 2267 1250 2332 οῦδὲν
1271 2269 1315 2330 ότι
1335 2267 1456 2331 πλέον,
1477 2269 1542 2329 τότε
1564 2270 1681 2354 πάντες
1703 2266 1786 2328 άνα-
1851 2266 1932 2332 265²

358 2374 575 2453 θαρρήσαντες
597 2375 734 2434 καὶτῶν
754 2376 831 2446 τέως
851 2372 980 2436 ἐκείνων
1007 2375 1154 2455 φοβερῶν
1184 2371 1387 2448 καταγνόντες
1416 2371 1459 2445 ῶς
1487 2370 1675 2454 ἐμπλήκτων
1704 2375 1757 2431 καί
1779 2368 1934 2453 άνοήτων,

358 2476 417 2559 ήδη
440 2475 476 2538 δὲ
498 2479 551 2535 καί
574 2476 780 2555 κελεύσματος
796 2475 900 2550 αὐτοῖς
914 2477 1113 2552 ίνδοθέντος,
1135 2481 1190 2559 τήν
1201 2480 1261 2556 μὲν
1275 2480 1330 2539 τοῦ
1341 2479 1581 2557 προστάγματος
1597 2474 1761 2556 φλυαρίαν
1775 2471 1935 2553 εύστόχυις

358 2579 541 2660 άμείβονται
570 2577 744 2658 λοιδορίαις
771 2584 824 2643 καί
847 2579 1028 2662 σκῶμμασι,
1056 2591 1112 2654 τάς
1141 2580 1177 2642 δὲ
1204 2591 1310 2662 χεῖρας
1338 2581 1434 2662 ἄφνω
1464 2580 1657 2662 πλησθέντες
1687 2576 1787 2659 όρμής
1816 2599 1847 2639 τε
1878 2582 1933 2638 καί

359 2687 553 2767 προθυμίας,
576 2684 712 2762 συνεχῶς
733 2684 859 2747 έκίνουν
880 2689 916 2746 τά
933 2684 1111 2766 πετροβόλα
1132 2690 1270 2756 καὶτοὺς
1284 2688 1379 2749 ταῦτα
1399 2684 1580 2754 κελεύοντας
1601 2683 1783 2761 ἐπεχείρουν
1804 2683 1938 2744 ἄνωθεν

358 2788 499 2868 βάλλειν.
587 2783 692 2849 ”dm
714 2782 745 2848 οἳ
766 2791 825 2866 μὲν
848 2784 944 2851 οῦδὲν
964 2789 1114 2868 ἔπασχον,
1137 2790 1198 2864 ἔξω
1219 2789 1333 2868 βέλους
1352 2786 1486 2863 ἑστῶτες,
1509 2783 1527 2849 ό
1550 2787 1586 2850 δὲ
1608 2788 1663 2860 τοὶς
1678 2786 1799 2870 πληγάς
1815 2786 1936 2869 φυλατ-

360 2896 510 2973 τομένους
540 2893 743 2972 προσέταττεν
773 2888 846 2955 αύτδ
876 2895 964 2956 τοῦτο
995 2891 1096 2954 πάλιν
1117 2892 1316 2956 ἐπικελεύειν.
1344 2891 1529 2974 ἐμβρόντητε
1558 2895 1611 2952 καὶ
1640 2891 1812 2971 παράφερε
1833 2927 1876 2936 -
1899 2886 1938 2952 ού

359 3000 421 3077 γάρ
444 2995 567 3078 δκνήσω
588 2997 664 3066 τέως
685 2994 740 3076 τήν
762 2997 950 3076 παρρησίαν,
974 2995 1017 3057 ἔτι
1039 3011 1072 3057 σε
1094 2998 1203 3073 τειχῶν
1224 2996 1286 3070 ε’ξω
1308 2994 1449 3073 βλέπων,
1472 2993 1566 3067 αι’τός
1588 2994 1675 3066 ἐντός
1695 2994 1741 3055 ῶν
1762 3029 1816 3068 -,
1838 2997 1865 3055 τί
1888 3011 1938 3055 σοι

361 3099 506 3180 βούλεται
528 3101 614 3164 τοῦτο
636 3106 670 3160 τδ
691 3098 783 3177 βαθύ
806 3096 967 3180 σόφισμα,
1001 3102 1069 3171 πῶς
1096 3101 1203 3181 μωρὸς
1231 3099 1329 3172 οῦτως
1358 3102 1403 3161 ῶν
1430 3099 1483 3162 ἐπὶ
1512 3101 1565 3181 τήν
1588 3101 1787 3179 πανουργίαν
1809 3108 1920 3180 χωρεῖς
1927 3126 1939 3174 ,

363 3210 431 3277 πῶς
453 3206 558 3286 σαυτῷ
580 3200 723 3286 διαμάχη
746 3203 821 3282 πρὶν
843 3198 919 3283 ήμτν
940 3203 1182 3284 συμπλακῆναι,
1215 3207 1259 3276 τίς
1287 3203 1305 3286 ή
1335 3208 1397 3266 τῶν
1426 3205 1525 3285 ἔργων
1555 3221 1605 3265 σοι
1634 3204 1713 3281 πρός
1734 3206 1803 3273 τοὺς
1823 3200 1938 3278 λόγους

364 3308 567 3389 άνομυιότης,
587 3306 672 3377 πῶς*
694 3303 712 3387 ή
734 3307 794 3380 μὲν
816 3310 907 3388 φωνή
930 3309 1020 3389 φωνή
1041 3305 1161 3386 Ἰακοίβ,
1185 3305 1220 3367 αλ
1244 3307 1279 3367 δὲ
1294 3317 1392 3388 χετρες
1406 3317 1505 3388 χείρες
1521 3304 1641 3385 Ἠσαῦ,
1663 3311 1717 3368 ίνα
1732 3309 1760 3367 τί
1775 3308 1938 3386 προπετῶς

362 3418 415 3496 τής
430 3413 616 3491 θαυμαστῆς
630 3407 752 3492 εἰρήνης
767 3414 986 3497 κατειρωνεύη,
1007 3416 1061 3473 καί
1086 3409 1089 3497 ή
1112 3410 1167 3493 τήν
1182 3414 1242 3490 μέν
1263 3410 1298 3486 ἐξ
1320 3408 1365 3473 ῶν
1387 3411 1495 3488 λε’γεις,
1517 3409 1669 3499 ῦποκρίνη
1693 3415 1796 3491 τιμάν,
1862 3412 1940 3476 2661

364 3518 617 3599 προσηρτημένον
640 3514 676 3574 δέ
698 3532 747 3575 σοι
768 3513 801 3574 εδ
822 3516 915 3597 ξίφος
930 3519 1065 3596 θεωρῶν
1086 3513 1143 3578 ούτ
1166 3515 1299 3602 αἰσχύνη
1306 3544 1319 3593 ,
1340 3518 1384 3588 τίς
1406 3515 1443 3578 δέ
1465 3532 1498 3578 σε
1521 3518 1703 3598 κατέστησεν
1725 3516 1864 3598 ἄρχοντα
1887 3520 1941 3576 καί

366 3621 533 3704 στρατηγὸν
554 3619 608 3701 ἐφ’
631 3616 746 3701 ήμᾶς,*
768 3623 812 3692 τίς
833 3619 878 3693 είς
899 3619 1033 3698 βασιλέα
1056 3637 1090 3681 σε
1111 3619 1222 3700 ἔχρισε,
1244 3623 1297 3682 τοῦ
1317 3618 1408 3700 παρά
1423 3622 1504 3684 θεοῦ
1518 3619 1755 3701 προβληθέντος
1777 3618 1835 3702 (ῶς
1848 3616 1941 3700 ῦρᾷς)

366 3727 408 3790 ἔτι
431 3726 543 3798 ζῶντος
571 3730 624 3786 καί
645 3725 712 3785 κατ’
742 3721 869 3806 άντικρύ
896 3727 1083 3806 καθημένου
1114 3743 1163 3786 σοι
1169 3752 1181 3801 ,
1215 3724 1291 3786 ἔστω
1314 3723 1377 3799 ἰδέ,
1407 3729 1461 3785 καί
1488 3724 1674 3806 τετόλμηκας
1703 3722 1837 3795 α’ναιδές
1865 3721 1943 3786 οὕτω

366 3828 525 3911 τόλμημα·
558 3831 586 3890 τί
606 3832 648 3910 μή
672 3835 725 3888 καὶ
747 3830 801 3910 τήν
823 3827 943 3907 τόλμαν
964 3823 1143 3906 όμολογείς,
1178 3824 1262 3888 άλλά
1284 3826 1380 3907 γελᾷς
1407 3851 1437 3890 τε
1461 3832 1515 3890 καί
1542 3827 1662 3901 παίζεις
1682 3828 1718 3888 έν
1740 3825 1777 3890 ού
1799 3837 1944 3899 παικτοίς

368 3937 447 4014 πρὸς
471 3929 570 4014 ήμᾶς,
601 3928 688 3995 πάνυ
709 3938 770 4014 γὰρ
801 3931 919 3994 παιδιά
948 3949 997 3994 σοι
1025 3931 1062 3993 τά
1091 3930 1274 4012 βλεπόμενα
1305 3935 1410 3997 ταῦτα.
1500 3930 1527 3970 ³³
1537 3936 1599 3995 τῶν
1620 3929 1678 3993 οῦν
1700 3930 1761 3994 δύο
1783 3930 1816 3992 τό
1839 3932 1944 4011 ἕτερον

369 4037 442 4102 ἑλοῦ
464 4043 516 4098 καὶ
539 4035 727 4117 άπόκριναι·
759 4033 903 4118 ήμέτερος
924 4032 993 4119 είή
1015 4039 1078 4097 τῶν
1099 4034 1308 4115 ὑπεναντίων,
1340 4037 1482 4122 εἰρηνικά
1505 4040 1635 4119 φρονῶν
1657 4034 1740 4116 ήκεις
1763 4036 1783 4117 ή
1803 4033 1945 4115 πολεμή-

370 4163 451 4221 σων,
482 4142 511 4204 εί
531 4146 591 4221 μὲν
613 4139 669 4228 (ῶς
691 4140 769 4223 φής)
797 4141 921 4224 είρήνης
947 4140 1040 4221 ίρᾷς,
1070 4137 1275 4220 ἀποθέμενος
1302 4139 1405 4223 ήρέμα
1434 4143 1471 4203 τά
1501 4141 1587 4203 όπλα
1608 4140 1765 4223 εἰρηνικὸν
1787 4137 1945 4217 μετάλαβε

370 4252 473 4330 σχήμα
497 4251 550 4308 καὶ
571 4252 642 4319 τοῦς
663 4246 878 4329 είρηνεύοντας
897 4248 1044 4328 μίμησαι·
1066 4247 1094 4306 τί
1108 4245 1169 4324 γάρ
1187 4243 1237 4306 δεῖ
1250 4263 1300 4307 σοι
1315 4247 1394 4326 πρδς
1410 4245 1522 4326 φίλους
1535 4245 1715 4327 τηλικαύτης
1729 4246 1948 4323 παρασκευῆς,
1984 4315 1988 4323 .

372 4357 425 4414 καί
446 4352 507 4431 γάρ
529 4362 592 4424 τοῖς
613 4351 727 4432 δρῶσιν
749 4349 788 4417 ού
808 4353 951 4434 φονικῶν
972 4345 1120 4429 ὀργάνων
1140 4344 1209 4409 τύδ’
1233 4345 1353 4431 άηδῶν,
1385 4346 1470 4410 άλλά
1493 4353 1654 4427 μουσικῶν
1676 4351 1729 4407 καὶ
1751 4345 1854 4428 ήδέων
1875 4349 1946 4427 περί

371 4459 408 4519 τά
431 4456 575 4536 έρῶμενα
597 4459 703 4537 χρεία·
732 4455 812 4536 ὅπερ
843 4456 901 4539 ήδη
929 4457 991 4515 τῶν
1018 4449 1122 4514 πάλαι
1143 4453 1207 4524 τις*
1230 4455 1310 4534 πρὸς
1332 4453 1432 4514 ἄλλον
1454 4454 1632 4514 Μακεδόνα
1654 4451 1755 4513 είπῶν
1777 4448 1949 4532 ηὐδοκίμη-

372 4579 435 4625 σεν.
458 4560 487 4622 εί
508 4560 544 4623 δὲ
564 4562 670 4644 μάχην
691 4561 786 4642 πάρει
809 4561 980 4642 συνάψων,
1007 4553 1126 4635 ε’ταίρε,
1160 4557 1213 4638 έφ’
1236 4551 1262 4641 ᾦ
1284 4555 1396 4637 πάρει,
1428 4557 1471 4638 μή
1494 4559 1644 4629 τοιούτοις
1667 4555 1843 4638 φιλήμασιν
1866 4553 1949 4637 ήμάς

373 4665 499 4739 δεξιοῦ,
532 4661 605 4727 ἄλλ’
628 4665 646 4726 ό
670 4675 787 4741 ποιεῖς,
819 4667 951 4747 ποίησον
972 4661 1114 4740 τάχιον*·
1140 4659 1143 4746 J
1168 4666 1221 4721 καί
1250 4659 1343 4732 αὐτὸς
1370 4662 1432 4741 γάρ
1461 4660 1542 4741 πρός
1563 4664 1597 4723 σε
1620 4659 1807 4723 δεσποτικὸν
1871 4658 1951 4723 266²

373 4767 518 4850 τολμήσω
540 4792 567 4831 τι
590 4772 804 4852 φθέγξασθαι
827 4767 869 4842 ῶς
891 4771 971 4849 πρός
993 4765 1095 4827 ἄλλον
1117 4763 1269 4847 τολμητήν
1290 4768 1344 4824 καί
1366 4762 1532 4847 προδότην,
1555 4769 1610 4847 τήν
1629 4763 1732 4831 Ἰούδα
1755 4768 1809 4827 καὶ
1831 4766 1950 4848 πρᾶξιν

446 4911 475 4959 ³7
495 4890 555 4947 Gen
573 4910 612 4958 27,
630 4883 727 4960 2213'7
746 4891 824 4947 Exod
844 4911 867 4955 2,
886 4893 981 4959 τηιςε
999 4885 1277 4956 Qui0213810hann
1298 4904 1336 4953 13,
1354 4904 1383 4952 τ,
