<?xml version="1.0" encoding="UTF-8"?>
<!DOCTYPE html PUBLIC "-//W3C//DTD XHTML 1.0 Transitional//EN"
    "http://www.w3.org/TR/xhtml1/DTD/xhtml1-transitional.dtd">
<html xmlns="http://www.w3.org/1999/xhtml" xml:lang="en" lang="en">
 <head>
  <title>
</title>
<meta http-equiv="Content-Type" content="text/html;charset=utf-8" />
  <meta name='ocr-system' content='tesseract 3.04.00' />
  <meta name='ocr-capabilities' content='ocr_page ocr_carea ocr_par ocr_line ocrx_word'/>
</head>
<body>
  <div class='ocr_page' id='page_1' title='image "./iohanniseuchait00vatigoog_0040.png"; bbox 0 0 4560 6172; ppageno 0'>
   <div class='ocr_carea' id='block_1_1' title="bbox 367 723 1233 2473">
    <p class='ocr_par' dir='ltr' id='par_1_1' title="bbox 367 723 1233 2473">
     <span class='ocr_line' id='line_1_1' title="bbox 438 723 1115 808; baseline -0.004 -20"><span class='ocrx_word' id='word_1_1' title='bbox 438 725 545 788; x_wconf 85' lang='grc' dir='ltr'><strong><em>ἔπειτα</em></strong></span> <span class='ocrx_word' id='word_1_2' title='bbox 567 729 621 787; x_wconf 86' lang='grc' dir='ltr'><strong><em>τδν</em></strong></span> <span class='ocrx_word' id='word_1_3' title='bbox 642 727 799 805; x_wconf 83' lang='grc' dir='ltr'><strong><em>βρέθοντα</em></strong></span> <span class='ocrx_word' id='word_1_4' title='bbox 820 724 911 787; x_wconf 89' lang='grc' dir='ltr'><strong><em>τόνδε</em></strong></span> <span class='ocrx_word' id='word_1_5' title='bbox 933 723 1115 808; x_wconf 76' lang='grc' dir='ltr'><strong><em>πρεσβύτην,</em></strong></span> 
     </span>
     <span class='ocr_line' id='line_1_2' title="bbox 375 824 1107 911; baseline -0.001 -21"><span class='ocrx_word' id='word_1_6' title='bbox 375 831 416 897; x_wconf 88' lang='lat'><strong><em>15</em></strong></span> <span class='ocrx_word' id='word_1_7' title='bbox 437 831 512 909; x_wconf 89' lang='grc' dir='ltr'><strong><em>μεθ’</em></strong></span> <span class='ocrx_word' id='word_1_8' title='bbox 535 824 581 891; x_wconf 79' lang='grc' dir='ltr'><strong><em>ὦν</em></strong></span> <span class='ocrx_word' id='word_1_9' title='bbox 603 829 736 892; x_wconf 79' lang='grc' dir='ltr'><strong><em>ἅπασαν</em></strong></span> <span class='ocrx_word' id='word_1_10' title='bbox 757 829 900 908; x_wconf 79' lang='grc' dir='ltr'><strong><em>έξεγεέρει</em></strong></span> <span class='ocrx_word' id='word_1_11' title='bbox 922 831 978 911; x_wconf 76' lang='grc' dir='ltr'><strong><em>τῆν</em></strong></span> <span class='ocrx_word' id='word_1_12' title='bbox 1001 828 1107 909; x_wconf 64' lang='grc' dir='ltr'><strong><em>φύσιν,</em></strong></span> 
     </span>
     <span class='ocr_line' id='line_1_3' title="bbox 436 932 1194 1017; baseline -0.001 -20"><span class='ocrx_word' id='word_1_13' title='bbox 436 933 478 997; x_wconf 90' lang='grc' dir='ltr'><strong><em>δι’</em></strong></span> <span class='ocrx_word' id='word_1_14' title='bbox 500 933 541 1017; x_wconf 76' lang='grc' dir='ltr'><strong><em>ἢν</em></strong></span> <span class='ocrx_word' id='word_1_15' title='bbox 563 932 731 996; x_wconf 82' lang='grc' dir='ltr'><strong><em>κατελθών</em></strong></span> <span class='ocrx_word' id='word_1_16' title='bbox 752 935 844 1014; x_wconf 88' lang='grc' dir='ltr'><strong><em>μέχρι</em></strong></span> <span class='ocrx_word' id='word_1_17' title='bbox 867 934 981 1014; x_wconf 83' lang='grc' dir='ltr'><strong><em>σαρκὸς</em></strong></span> <span class='ocrx_word' id='word_1_18' title='bbox 1003 937 1057 994; x_wconf 71' lang='grc' dir='ltr'><strong><em>καὶ</em></strong></span> <span class='ocrx_word' id='word_1_19' title='bbox 1078 932 1194 1016; x_wconf 84' lang='grc' dir='ltr'><strong><em>τάφου,</em></strong></span> 
     </span>
     <span class='ocr_line' id='line_1_4' title="bbox 436 1034 1145 1120; baseline -0.001 -21"><span class='ocrx_word' id='word_1_20' title='bbox 436 1036 520 1120; x_wconf 75' lang='grc' dir='ltr'><strong><em>ᾅδην</em></strong></span> <span class='ocrx_word' id='word_1_21' title='bbox 541 1047 636 1100; x_wconf 86' lang='grc' dir='ltr'><strong><em>πατεῖ</em></strong></span> <span class='ocrx_word' id='word_1_22' title='bbox 655 1038 812 1117; x_wconf 86' lang='grc' dir='ltr'><strong><em>τύραννον</em></strong></span> <span class='ocrx_word' id='word_1_23' title='bbox 833 1034 1145 1119; x_wconf 79' lang='grc' dir='ltr'><strong><em>α’νθρωποφθόρον·</em></strong></span> 
     </span>
     <span class='ocr_line' id='line_1_5' title="bbox 436 1139 1233 1223; baseline 0 -20"><span class='ocrx_word' id='word_1_24' title='bbox 436 1141 520 1222; x_wconf 79' lang='grc' dir='ltr'><strong><em>πλην</em></strong></span> <span class='ocrx_word' id='word_1_25' title='bbox 543 1140 586 1214; x_wconf 81' lang='grc' dir='ltr'><strong><em>ὠς</em></strong></span> <span class='ocrx_word' id='word_1_26' title='bbox 609 1139 759 1223; x_wconf 72' lang='grc' dir='ltr'><strong><em>α’παρχην</em></strong></span> <span class='ocrx_word' id='word_1_27' title='bbox 780 1142 964 1215; x_wconf 80' lang='grc' dir='ltr'><strong><em>τοῦγένους</em></strong></span> <span class='ocrx_word' id='word_1_28' title='bbox 985 1144 1039 1205; x_wconf 90' lang='grc' dir='ltr'><strong><em>τού</em></strong></span> <span class='ocrx_word' id='word_1_29' title='bbox 1061 1139 1117 1205; x_wconf 88' lang='grc' dir='ltr'><strong><em>σού</em></strong></span> <span class='ocrx_word' id='word_1_30' title='bbox 1139 1139 1233 1220; x_wconf 90' lang='grc' dir='ltr'><strong><em>δέχου</em></strong></span> 
     </span>
     <span class='ocr_line' id='line_1_6' title="bbox 435 1244 1171 1330; baseline -0.001 -23"><span class='ocrx_word' id='word_1_31' title='bbox 435 1244 564 1330; x_wconf 57' lang='grc' dir='ltr'><strong><em>λἈδάμ,</em></strong></span> <span class='ocrx_word' id='word_1_32' title='bbox 587 1244 692 1325; x_wconf 80' lang='grc' dir='ltr'><strong><em>Δαβέδ</em></strong></span> <span class='ocrx_word' id='word_1_33' title='bbox 712 1267 751 1312; x_wconf 86' lang='grc' dir='ltr'><strong><em>τε.</em></strong></span> <span class='ocrx_word' id='word_1_34' title='bbox 777 1249 830 1305; x_wconf 79' lang='grc' dir='ltr'><strong><em>καὶ</em></strong></span> <span class='ocrx_word' id='word_1_35' title='bbox 854 1248 958 1327; x_wconf 80' lang='grc' dir='ltr'><strong><em>σοφόν</em></strong></span> <span class='ocrx_word' id='word_1_36' title='bbox 980 1245 1171 1324; x_wconf 78' lang='grc' dir='ltr'><strong><em>Σολομῶνα·</em></strong></span> 
     </span>
     <span class='ocr_line' id='line_1_7' title="bbox 370 1343 1126 1432; baseline -0.007 -17"><span class='ocrx_word' id='word_1_37' title='bbox 370 1350 414 1415; x_wconf 82' lang='grc'><strong><em>20</em></strong></span> <span class='ocrx_word' id='word_1_38' title='bbox 437 1349 490 1422; x_wconf 84' lang='grc' dir='ltr'><strong><em>οὓς</em></strong></span> <span class='ocrx_word' id='word_1_39' title='bbox 512 1346 530 1432; x_wconf 76' lang='grc' dir='ltr'><em>ἧ</em></span> <span class='ocrx_word' id='word_1_40' title='bbox 550 1349 662 1430; x_wconf 75' lang='grc' dir='ltr'><strong><em>γραφη</em></strong></span> <span class='ocrx_word' id='word_1_41' title='bbox 685 1366 733 1410; x_wconf 93' lang='grc' dir='ltr'><strong><em>σοι</em></strong></span> <span class='ocrx_word' id='word_1_42' title='bbox 757 1348 874 1421; x_wconf 76' lang='grc' dir='ltr'><strong><em>ζῶντας</em></strong></span> <span class='ocrx_word' id='word_1_43' title='bbox 896 1343 959 1410; x_wconf 80' lang='grc' dir='ltr'><strong><em>ὦδε</em></strong></span> <span class='ocrx_word' id='word_1_44' title='bbox 982 1347 1126 1422; x_wconf 78' lang='grc' dir='ltr'><strong><em>δεικνύει,</em></strong></span> 
     </span>
     <span class='ocr_line' id='line_1_8' title="bbox 434 1451 1112 1533; baseline -0.001 -19"><span class='ocrx_word' id='word_1_45' title='bbox 434 1452 476 1525; x_wconf 84' lang='grc' dir='ltr'><strong><em>ιδς</em></strong></span> <span class='ocrx_word' id='word_1_46' title='bbox 497 1454 550 1517; x_wconf 86' lang='grc' dir='ltr'><strong><em>τοῦ</em></strong></span> <span class='ocrx_word' id='word_1_47' title='bbox 573 1451 718 1524; x_wconf 90' lang='grc' dir='ltr'><strong><em>διδόντος</em></strong></span> <span class='ocrx_word' id='word_1_48' title='bbox 738 1454 793 1533; x_wconf 71' lang='grc' dir='ltr'><strong><em>τὴν</em></strong></span> <span class='ocrx_word' id='word_1_49' title='bbox 815 1452 935 1530; x_wconf 76' lang='grc' dir='ltr'><strong><em>ἔγερσιν</em></strong></span> <span class='ocrx_word' id='word_1_50' title='bbox 957 1456 1112 1533; x_wconf 79' lang='grc' dir='ltr'><strong><em>πατέρας·</em></strong></span> 
     </span>
     <span class='ocr_line' id='line_1_9' title="bbox 435 1552 1231 1637; baseline 0.001 -20"><span class='ocrx_word' id='word_1_51' title='bbox 435 1555 527 1630; x_wconf 81' lang='grc' dir='ltr'><strong><em>αύτδς</em></strong></span> <span class='ocrx_word' id='word_1_52' title='bbox 548 1559 607 1637; x_wconf 78' lang='grc' dir='ltr'><strong><em>μὲν</em></strong></span> <span class='ocrx_word' id='word_1_53' title='bbox 630 1552 685 1620; x_wconf 89' lang='grc' dir='ltr'><strong><em>σύν</em></strong></span> <span class='ocrx_word' id='word_1_54' title='bbox 706 1559 776 1627; x_wconf 84' lang='grc' dir='ltr'><strong><em>τοὺς</em></strong></span> <span class='ocrx_word' id='word_1_55' title='bbox 797 1556 920 1632; x_wconf 81' lang='grc' dir='ltr'><strong><em>ἄνδρας</em></strong></span> <span class='ocrx_word' id='word_1_56' title='bbox 942 1556 977 1618; x_wconf 86' lang='grc' dir='ltr'><strong><em>έκ</em></strong></span> <span class='ocrx_word' id='word_1_57' title='bbox 1000 1560 1121 1636; x_wconf 80' lang='grc' dir='ltr'><strong><em>νεκρόν</em></strong></span> <span class='ocrx_word' id='word_1_58' title='bbox 1143 1557 1231 1635; x_wconf 80' lang='grc' dir='ltr'><strong><em>ἔχεις,</em></strong></span> 
     </span>
     <span class='ocr_line' id='line_1_10' title="bbox 434 1660 1098 1744; baseline 0 -20"><span class='ocrx_word' id='word_1_59' title='bbox 434 1660 522 1726; x_wconf 85' lang='grc' dir='ltr'><strong><em>Εύαν</em></strong></span> <span class='ocrx_word' id='word_1_60' title='bbox 543 1672 698 1735; x_wconf 89' lang='grc' dir='ltr'><strong><em>γυναῖκες,</em></strong></span> <span class='ocrx_word' id='word_1_61' title='bbox 720 1664 775 1744; x_wconf 74' lang='grc' dir='ltr'><strong><em>την</em></strong></span> <span class='ocrx_word' id='word_1_62' title='bbox 797 1661 950 1724; x_wconf 81' lang='grc' dir='ltr'><strong><em>ἁπάντων</em></strong></span> <span class='ocrx_word' id='word_1_63' title='bbox 971 1665 1098 1744; x_wconf 88' lang='grc' dir='ltr'><strong><em>μητέρα.</em></strong></span> 
     </span>
     <span class='ocr_line' id='line_1_11' title="bbox 434 1762 1136 1848; baseline 0 -19"><span class='ocrx_word' id='word_1_64' title='bbox 434 1762 517 1831; x_wconf 88' lang='grc' dir='ltr'><strong><em>ούτοι</em></strong></span> <span class='ocrx_word' id='word_1_65' title='bbox 541 1766 577 1828; x_wconf 81' lang='grc' dir='ltr'><strong><em>δὲ</em></strong></span> <span class='ocrx_word' id='word_1_66' title='bbox 598 1765 856 1848; x_wconf 84' lang='grc' dir='ltr'><strong><em>ιυφλούσθωσαν</em></strong></span> <span class='ocrx_word' id='word_1_67' title='bbox 877 1766 912 1828; x_wconf 88' lang='grc' dir='ltr'><strong><em>έκ</em></strong></span> <span class='ocrx_word' id='word_1_68' title='bbox 934 1768 1039 1848; x_wconf 78' lang='grc' dir='ltr'><strong><em>φόβου</em></strong></span> <span class='ocrx_word' id='word_1_69' title='bbox 1061 1771 1136 1840; x_wconf 88' lang='grc' dir='ltr'><strong><em>τέως</em></strong></span> 
     </span>
     <span class='ocr_line' id='line_1_12' title="bbox 368 1869 1104 1952; baseline 0 -20"><span class='ocrx_word' id='word_1_70' title='bbox 368 1871 412 1937; x_wconf 80' lang='grc'><strong><em>25</em></strong></span> <span class='ocrx_word' id='word_1_71' title='bbox 434 1874 570 1951; x_wconf 80' lang='grc' dir='ltr'><strong><em>φρουροὶ</em></strong></span> <span class='ocrx_word' id='word_1_72' title='bbox 591 1869 732 1950; x_wconf 79' lang='grc' dir='ltr'><strong><em>μάταιοι,</em></strong></span> <span class='ocrx_word' id='word_1_73' title='bbox 757 1869 915 1948; x_wconf 71' lang='grc' dir='ltr'><strong><em>δυστυχεῖς</em></strong></span> <span class='ocrx_word' id='word_1_74' title='bbox 936 1869 1104 1952; x_wconf 74' lang='grc' dir='ltr'><strong><em>ὑπηρέται·</em></strong></span> 
     </span>
     <span class='ocr_line' id='line_1_13' title="bbox 432 1972 1187 2055; baseline 0.005 -20"><span class='ocrx_word' id='word_1_75' title='bbox 432 1973 545 2055; x_wconf 83' lang='grc' dir='ltr'><strong><em>βάλλει</em></strong></span> <span class='ocrx_word' id='word_1_76' title='bbox 566 1979 627 2055; x_wconf 82' lang='grc' dir='ltr'><strong><em>γὰρ</em></strong></span> <span class='ocrx_word' id='word_1_77' title='bbox 652 1973 762 2046; x_wconf 84' lang='grc' dir='ltr'><strong><em>αύτούς</em></strong></span> <span class='ocrx_word' id='word_1_78' title='bbox 784 1972 963 2051; x_wconf 76' lang='grc' dir='ltr'><strong><em>ἀστραπαῖς</em></strong></span> <span class='ocrx_word' id='word_1_79' title='bbox 985 1976 1001 2036; x_wconf 88' lang='grc' dir='ltr'><strong><em>ό</em></strong></span> <span class='ocrx_word' id='word_1_80' title='bbox 1026 1974 1187 2055; x_wconf 87' lang='grc' dir='ltr'><strong><em>δεσπότης.</em></strong></span> 
     </span>
     <span class='ocr_line' id='line_1_14' title="bbox 435 2075 1094 2165; baseline 0.003 -26"><span class='ocrx_word' id='word_1_81' title='bbox 435 2075 478 2151; x_wconf 83' lang='grc' dir='ltr'><strong><em>ιδς</em></strong></span> <span class='ocrx_word' id='word_1_82' title='bbox 498 2079 540 2161; x_wconf 76' lang='grc' dir='ltr'><strong><em>μη</em></strong></span> <span class='ocrx_word' id='word_1_83' title='bbox 564 2080 678 2165; x_wconf 73' lang='grc' dir='ltr'><strong><em>θεαθῇ</em></strong></span> <span class='ocrx_word' id='word_1_84' title='bbox 701 2077 861 2155; x_wconf 84' lang='grc' dir='ltr'><strong><em>δυσσεβῶν</em></strong></span> <span class='ocrx_word' id='word_1_85' title='bbox 883 2079 960 2159; x_wconf 83' lang='grc' dir='ltr'><strong><em>ὄψει</em></strong></span> <span class='ocrx_word' id='word_1_86' title='bbox 983 2079 1094 2141; x_wconf 90' lang='grc' dir='ltr'><strong><em>πάλιν.</em></strong></span> 
     </span>
     <span class='ocr_line' id='line_1_15' title="bbox 433 2178 1066 2262; baseline 0.002 -19"><span class='ocrx_word' id='word_1_87' title='bbox 433 2181 470 2246; x_wconf 87' lang='grc' dir='ltr'><strong><em>σύ</em></strong></span> <span class='ocrx_word' id='word_1_88' title='bbox 493 2180 523 2244; x_wconf 80' lang='grc' dir='ltr'><strong><em>δ’</em></strong></span> <span class='ocrx_word' id='word_1_89' title='bbox 545 2181 698 2256; x_wconf 77' lang='grc' dir='ltr'><strong><em>α’ξιωθεὶς</em></strong></span> <span class='ocrx_word' id='word_1_90' title='bbox 720 2204 766 2243; x_wconf 89' lang='grc' dir='ltr'><strong><em>ων</em></strong></span> <span class='ocrx_word' id='word_1_91' title='bbox 787 2178 868 2261; x_wconf 79' lang='grc' dir='ltr'><strong><em>δρᾷς</em></strong></span> <span class='ocrx_word' id='word_1_92' title='bbox 890 2184 1066 2262; x_wconf 76' lang='grc' dir='ltr'><strong><em>θεαμάτων</em></strong></span> 
     </span>
     <span class='ocr_line' id='line_1_16' title="bbox 432 2284 1115 2369; baseline 0.003 -22"><span class='ocrx_word' id='word_1_93' title='bbox 432 2285 656 2369; x_wconf 81' lang='grc' dir='ltr'><strong><em>έπεκρότησον·</em></strong></span> <span class='ocrx_word' id='word_1_94' title='bbox 681 2288 738 2367; x_wconf 83' lang='grc' dir='ltr'><strong><em>ση“ν</em></strong></span> <span class='ocrx_word' id='word_1_95' title='bbox 763 2284 950 2348; x_wconf 72' lang='grc' dir='ltr'><strong><em>ἀνάπλασιν</em></strong></span> <span class='ocrx_word' id='word_1_96' title='bbox 971 2287 1115 2364; x_wconf 80' lang='grc' dir='ltr'><strong><em>βλέπεις·</em></strong></span> 
     </span>
     <span class='ocr_line' id='line_1_17' title="bbox 367 2388 1119 2473; baseline 0 -17"><span class='ocrx_word' id='word_1_97' title='bbox 367 2391 411 2456; x_wconf 88' lang='grc'><strong><em>30</em></strong></span> <span class='ocrx_word' id='word_1_98' title='bbox 432 2394 486 2451; x_wconf 76' lang='grc' dir='ltr'><strong><em>καὶ</em></strong></span> <span class='ocrx_word' id='word_1_99' title='bbox 507 2400 606 2472; x_wconf 84' lang='grc' dir='ltr'><strong><em>χαῖρε,</em></strong></span> <span class='ocrx_word' id='word_1_100' title='bbox 630 2399 737 2469; x_wconf 84' lang='grc' dir='ltr'><strong><em>χαῖρε·</em></strong></span> <span class='ocrx_word' id='word_1_101' title='bbox 760 2388 868 2469; x_wconf 84' lang='grc' dir='ltr'><strong><em>πάσχα</em></strong></span> <span class='ocrx_word' id='word_1_102' title='bbox 890 2393 976 2455; x_wconf 83' lang='grc' dir='ltr'><strong><em>τοῦτο</em></strong></span> <span class='ocrx_word' id='word_1_103' title='bbox 1000 2395 1119 2473; x_wconf 76' lang='grc' dir='ltr'><strong><em>κυρίου.</em></strong></span> 
     </span>
    </p>
   </div>
   <div class='ocr_carea' id='block_1_2' title="bbox 348 2596 1250 4241">
    <p class='ocr_par' dir='ltr' id='par_1_2' title="bbox 348 2596 792 2681">
     <span class='ocr_line' id='line_1_18' title="bbox 348 2596 792 2681; baseline 0 -21"><span class='ocrx_word' id='word_1_104' title='bbox 348 2600 389 2667; x_wconf 75' lang='grc'><strong><em>9.</em></strong></span> <span class='ocrx_word' id='word_1_105' title='bbox 437 2599 494 2670; x_wconf 75' lang='grc' dir='ltr'><strong><em>Εἰς</em></strong></span> <span class='ocrx_word' id='word_1_106' title='bbox 516 2598 570 2679; x_wconf 74' lang='grc' dir='ltr'><strong><em>τήν</em></strong></span> <span class='ocrx_word' id='word_1_107' title='bbox 592 2596 792 2681; x_wconf 70' lang='grc' dir='ltr'><strong><em>ψηλάφησιν.</em></strong></span> 
     </span>
    </p>

    <p class='ocr_par' dir='ltr' id='par_1_3' title="bbox 392 2700 1214 3096">
     <span class='ocr_line' id='line_1_19' title="bbox 392 2700 1214 2784; baseline -0.002 -18"><span class='ocrx_word' id='word_1_108' title='bbox 392 2705 408 2766; x_wconf 97' lang='grc'><strong>1</strong></span> <span class='ocrx_word' id='word_1_109' title='bbox 433 2702 579 2782; x_wconf 83' lang='grc' dir='ltr'><strong><em>Χριστός,</em></strong></span> <span class='ocrx_word' id='word_1_110' title='bbox 600 2704 756 2784; x_wconf 76' lang='grc' dir='ltr'><strong><em>μαθηταί,</em></strong></span> <span class='ocrx_word' id='word_1_111' title='bbox 779 2702 916 2782; x_wconf 84' lang='grc' dir='ltr'><strong><em>Χριστός</em></strong></span> <span class='ocrx_word' id='word_1_112' title='bbox 937 2701 1000 2764; x_wconf 82' lang='grc' dir='ltr'><strong><em>έστι</em></strong></span> <span class='ocrx_word' id='word_1_113' title='bbox 1022 2706 1076 2761; x_wconf 77' lang='grc' dir='ltr'><strong><em>καὶ</em></strong></span> <span class='ocrx_word' id='word_1_114' title='bbox 1098 2700 1214 2764; x_wconf 90' lang='grc' dir='ltr'><strong><em>πάλιν·</em></strong></span> 
     </span>
     <span class='ocr_line' id='line_1_20' title="bbox 432 2806 1101 2892; baseline -0.003 -25"><span class='ocrx_word' id='word_1_115' title='bbox 432 2808 654 2888; x_wconf 82' lang='grc' dir='ltr'><strong><em>θαρσεῖτε.μή</em></strong></span> <span class='ocrx_word' id='word_1_116' title='bbox 679 2806 846 2869; x_wconf 81' lang='grc' dir='ltr'><strong><em>κλονεῖσθε</em></strong></span> <span class='ocrx_word' id='word_1_117' title='bbox 869 2808 906 2890; x_wconf 79' lang='grc' dir='ltr'><strong><em>ιη’</em></strong></span> <span class='ocrx_word' id='word_1_118' title='bbox 928 2808 1001 2892; x_wconf 83' lang='grc' dir='ltr'><strong><em>ξένη</em></strong></span> <span class='ocrx_word' id='word_1_119' title='bbox 1024 2807 1101 2884; x_wconf 82' lang='grc' dir='ltr'><strong><em>θέᾳ,</em></strong></span> 
     </span>
     <span class='ocr_line' id='line_1_21' title="bbox 430 2908 1102 2990; baseline -0.001 -20"><span class='ocrx_word' id='word_1_120' title='bbox 430 2909 510 2990; x_wconf 81' lang='grc' dir='ltr'><strong><em>μηδὲ</em></strong></span> <span class='ocrx_word' id='word_1_121' title='bbox 533 2912 683 2972; x_wconf 87' lang='grc' dir='ltr'><strong><em>πτοεῖσθε</em></strong></span> <span class='ocrx_word' id='word_1_122' title='bbox 704 2912 759 2982; x_wconf 81' lang='grc' dir='ltr'><strong><em>τός</em></strong></span> <span class='ocrx_word' id='word_1_123' title='bbox 782 2908 923 2989; x_wconf 74' lang='grc' dir='ltr'><strong><em>ἀδήλους</em></strong></span> <span class='ocrx_word' id='word_1_124' title='bbox 943 2908 1102 2982; x_wconf 73' lang='grc' dir='ltr'><strong><em>εἰσόδους·</em></strong></span> 
     </span>
     <span class='ocr_line' id='line_1_22' title="bbox 432 3011 1125 3096; baseline -0.003 -21"><span class='ocrx_word' id='word_1_125' title='bbox 432 3011 535 3086; x_wconf 75' lang='grc' dir='ltr'><strong><em>οὐδεὶς</em></strong></span> <span class='ocrx_word' id='word_1_126' title='bbox 555 3016 615 3093; x_wconf 80' lang='grc' dir='ltr'><strong><em>γάρ</em></strong></span> <span class='ocrx_word' id='word_1_127' title='bbox 639 3012 722 3093; x_wconf 78' lang='grc' dir='ltr'><strong><em>έμᾶς</em></strong></span> <span class='ocrx_word' id='word_1_128' title='bbox 745 3014 861 3096; x_wconf 79' lang='grc' dir='ltr'><strong><em>ὄψεται</em></strong></span> <span class='ocrx_word' id='word_1_129' title='bbox 884 3015 1125 3092; x_wconf 87' lang='grc' dir='ltr'><strong><em>κεκρυμμένους.</em></strong></span> 
     </span>
    </p>

    <p class='ocr_par' dir='ltr' id='par_1_4' title="bbox 389 3114 1197 3615">
     <span class='ocr_line' id='line_1_23' title="bbox 389 3114 1095 3200; baseline -0.006 -18"><span class='ocrx_word' id='word_1_130' title='bbox 389 3116 410 3182; x_wconf 88' lang='lat'>5</span> <span class='ocrx_word' id='word_1_131' title='bbox 432 3114 504 3179; x_wconf 72' lang='grc' dir='ltr'><strong><em>ἀλλ’</em></strong></span> <span class='ocrx_word' id='word_1_132' title='bbox 528 3115 621 3188; x_wconf 82' lang='grc' dir='ltr'><strong><em>αι’τδς</em></strong></span> <span class='ocrx_word' id='word_1_133' title='bbox 642 3115 817 3199; x_wconf 80' lang='grc' dir='ltr'><strong><em>άκράτηιον</em></strong></span> <span class='ocrx_word' id='word_1_134' title='bbox 838 3119 976 3200; x_wconf 75' lang='grc' dir='ltr'><strong><em>εἰληφώς</em></strong></span> <span class='ocrx_word' id='word_1_135' title='bbox 999 3116 1095 3199; x_wconf 79' lang='grc' dir='ltr'><strong><em>φύσιν</em></strong></span> 
     </span>
     <span class='ocr_line' id='line_1_24' title="bbox 432 3219 1094 3302; baseline 0.003 -20"><span class='ocrx_word' id='word_1_136' title='bbox 432 3220 510 3286; x_wconf 82' lang='grc' dir='ltr'><strong><em>οὕτω</em></strong></span> <span class='ocrx_word' id='word_1_137' title='bbox 533 3219 645 3299; x_wconf 88' lang='grc' dir='ltr'><strong><em>διέδρα</em></strong></span> <span class='ocrx_word' id='word_1_138' title='bbox 668 3224 721 3281; x_wconf 70' lang='grc' dir='ltr'><strong><em>καὶ</em></strong></span> <span class='ocrx_word' id='word_1_139' title='bbox 742 3221 847 3302; x_wconf 78' lang='grc' dir='ltr'><strong><em>τάφον</em></strong></span> <span class='ocrx_word' id='word_1_140' title='bbox 869 3220 1094 3300; x_wconf 83' lang='grc' dir='ltr'><strong><em>κεκλεισμένον.</em></strong></span> 
     </span>
     <span class='ocr_line' id='line_1_25' title="bbox 430 3321 1197 3411; baseline 0 -26"><span class='ocrx_word' id='word_1_141' title='bbox 430 3323 502 3387; x_wconf 76' lang='grc' dir='ltr'><strong><em>ἀλλ’</em></strong></span> <span class='ocrx_word' id='word_1_142' title='bbox 526 3327 552 3386; x_wconf 74' lang='grc' dir='ltr'><strong><em>τό</em></strong></span> <span class='ocrx_word' id='word_1_143' title='bbox 573 3327 601 3387; x_wconf 80' lang='grc' dir='ltr'><strong><em>τέ</em></strong></span> <span class='ocrx_word' id='word_1_144' title='bbox 622 3327 725 3388; x_wconf 73' lang='grc' dir='ltr'><strong><em>τοῦτο·</em></strong></span> <span class='ocrx_word' id='word_1_145' title='bbox 747 3328 805 3389; x_wconf 85' lang='grc' dir='ltr'><strong><em>νύν</em></strong></span> <span class='ocrx_word' id='word_1_146' title='bbox 825 3325 885 3405; x_wconf 80' lang='grc' dir='ltr'><strong><em>γάρ</em></strong></span> <span class='ocrx_word' id='word_1_147' title='bbox 909 3324 1013 3403; x_wconf 85' lang='grc' dir='ltr'><strong><em>ιδσπερ</em></strong></span> <span class='ocrx_word' id='word_1_148' title='bbox 1037 3321 1197 3411; x_wconf 72' lang='grc' dir='ltr'><strong><em>ᾐσθόμην,</em></strong></span> 
     </span>
     <span class='ocr_line' id='line_1_26' title="bbox 430 3423 1119 3510; baseline -0.004 -19"><span class='ocrx_word' id='word_1_149' title='bbox 430 3427 487 3508; x_wconf 82' lang='grc' dir='ltr'><strong><em>ούχ</em></strong></span> <span class='ocrx_word' id='word_1_150' title='bbox 508 3423 596 3502; x_wconf 83' lang='grc' dir='ltr'><strong><em>οὗτος</em></strong></span> <span class='ocrx_word' id='word_1_151' title='bbox 620 3428 636 3490; x_wconf 85' lang='grc' dir='ltr'><strong>ὁ</strong></span> <span class='ocrx_word' id='word_1_152' title='bbox 659 3438 735 3508; x_wconf 76' lang='grc' dir='ltr'><strong><em>πρὶν</em></strong></span> <span class='ocrx_word' id='word_1_153' title='bbox 756 3429 904 3508; x_wconf 85' lang='grc' dir='ltr'><strong><em>εὔστομος</em></strong></span> <span class='ocrx_word' id='word_1_154' title='bbox 925 3427 1102 3510; x_wconf 87' lang='grc' dir='ltr'><strong><em>δημηγόρος</em></strong></span> <span class='ocrx_word' id='word_1_155' title='bbox 1108 3455 1119 3504; x_wconf 93' lang='grc'><strong><em>,·</em></strong></span> 
     </span>
     <span class='ocr_line' id='line_1_27' title="bbox 428 3531 1052 3615; baseline -0.005 -19"><span class='ocrx_word' id='word_1_156' title='bbox 428 3531 497 3596; x_wconf 73' lang='grc' dir='ltr'><strong><em>οἷον</em></strong></span> <span class='ocrx_word' id='word_1_157' title='bbox 519 3534 602 3595; x_wconf 87' lang='grc' dir='ltr'><strong><em>κάτω</em></strong></span> <span class='ocrx_word' id='word_1_158' title='bbox 624 3535 769 3596; x_wconf 85' lang='grc' dir='ltr'><strong><em>νένευκεν</em></strong></span> <span class='ocrx_word' id='word_1_159' title='bbox 790 3531 1052 3615; x_wconf 75' lang='grc' dir='ltr'><strong><em>ἐκπεπληγμένος.</em></strong></span> 
     </span>
    </p>

    <p class='ocr_par' dir='ltr' id='par_1_5' title="bbox 368 3635 1250 4132">
     <span class='ocr_line' id='line_1_28' title="bbox 368 3635 1143 3719; baseline -0.005 -19"><span class='ocrx_word' id='word_1_160' title='bbox 368 3637 409 3701; x_wconf 91' lang='grc'><strong><em>10</em></strong></span> <span class='ocrx_word' id='word_1_161' title='bbox 430 3635 448 3719; x_wconf 72' lang='grc' dir='ltr'><em>ἢ</em></span> <span class='ocrx_word' id='word_1_162' title='bbox 469 3641 534 3719; x_wconf 70' lang='grc' dir='ltr'><strong><em>χεὶρ</em></strong></span> <span class='ocrx_word' id='word_1_163' title='bbox 558 3636 593 3698; x_wconf 78' lang='grc' dir='ltr'><strong><em>δὲ</em></strong></span> <span class='ocrx_word' id='word_1_164' title='bbox 616 3640 731 3717; x_wconf 79' lang='grc' dir='ltr'><strong><em>ναρκηῖ,</em></strong></span> <span class='ocrx_word' id='word_1_165' title='bbox 755 3642 808 3698; x_wconf 74' lang='grc' dir='ltr'><strong><em>καὶ</em></strong></span> <span class='ocrx_word' id='word_1_166' title='bbox 830 3639 1007 3716; x_wconf 90' lang='grc' dir='ltr'><strong><em>παρειμένα</em></strong></span> <span class='ocrx_word' id='word_1_167' title='bbox 1029 3638 1143 3716; x_wconf 90' lang='grc' dir='ltr'><strong><em>τρέμει,</em></strong></span> 
     </span>
     <span class='ocr_line' id='line_1_29' title="bbox 428 3739 1157 3823; baseline -0.005 -20"><span class='ocrx_word' id='word_1_168' title='bbox 428 3741 569 3821; x_wconf 84' lang='grc' dir='ltr'><strong><em>πλευράν</em></strong></span> <span class='ocrx_word' id='word_1_169' title='bbox 591 3741 773 3822; x_wconf 75' lang='grc' dir='ltr'><strong><em>φλέγουσαν</em></strong></span> <span class='ocrx_word' id='word_1_170' title='bbox 797 3742 957 3823; x_wconf 77' lang='grc' dir='ltr'><strong><em>ψηλαιμάν</em></strong></span> <span class='ocrx_word' id='word_1_171' title='bbox 979 3739 1157 3822; x_wconf 77' lang='grc' dir='ltr'><strong><em>ὡρμημένη.</em></strong></span> 
     </span>
     <span class='ocr_line' id='line_1_30' title="bbox 431 3842 1250 3929; baseline -0.005 -22"><span class='ocrx_word' id='word_1_172' title='bbox 431 3843 585 3929; x_wconf 77' lang='grc' dir='ltr'><strong><em>ΙΧριστὸν</em></strong></span> <span class='ocrx_word' id='word_1_173' title='bbox 608 3845 784 3926; x_wconf 76' lang='grc' dir='ltr'><strong><em>προδήλως,</em></strong></span> <span class='ocrx_word' id='word_1_174' title='bbox 807 3844 833 3906; x_wconf 83' lang='grc' dir='ltr'><em>ὦ</em></span> <span class='ocrx_word' id='word_1_175' title='bbox 856 3843 1091 3926; x_wconf 79' lang='grc' dir='ltr'><strong><em>φιλοπράγμσν,</em></strong></span> <span class='ocrx_word' id='word_1_176' title='bbox 1113 3842 1250 3920; x_wconf 86' lang='grc' dir='ltr'><strong><em>βλέπεις,</em></strong></span> 
     </span>
     <span class='ocr_line' id='line_1_31' title="bbox 428 3947 1061 4031; baseline -0.005 -20"><span class='ocrx_word' id='word_1_177' title='bbox 428 3949 471 4023; x_wconf 80' lang='grc' dir='ltr'><strong><em>ὥς</em></strong></span> <span class='ocrx_word' id='word_1_178' title='bbox 493 3948 510 4031; x_wconf 78' lang='grc' dir='ltr'><strong><em>ἡ</em></strong></span> <span class='ocrx_word' id='word_1_179' title='bbox 534 3952 680 4029; x_wconf 83' lang='grc' dir='ltr'><strong><em>παροῦσα</em></strong></span> <span class='ocrx_word' id='word_1_180' title='bbox 702 3960 856 4030; x_wconf 77' lang='grc' dir='ltr'><strong><em>μαρτυρεῖ</em></strong></span> <span class='ocrx_word' id='word_1_181' title='bbox 876 3968 925 4011; x_wconf 88' lang='grc' dir='ltr'><strong><em>σοι</em></strong></span> <span class='ocrx_word' id='word_1_182' title='bbox 948 3947 1061 4010; x_wconf 77' lang='grc' dir='ltr'><strong><em>δειλία.</em></strong></span> 
     </span>
     <span class='ocr_line' id='line_1_32' title="bbox 427 4050 1250 4132; baseline 0 -17"><span class='ocrx_word' id='word_1_183' title='bbox 427 4059 484 4117; x_wconf 85' lang='grc' dir='ltr'><strong><em>νύν</em></strong></span> <span class='ocrx_word' id='word_1_184' title='bbox 505 4050 561 4117; x_wconf 84' lang='grc' dir='ltr'><strong><em>οὖν</em></strong></span> <span class='ocrx_word' id='word_1_185' title='bbox 582 4055 725 4128; x_wconf 87' lang='grc' dir='ltr'><strong><em>πέπεισο,</em></strong></span> <span class='ocrx_word' id='word_1_186' title='bbox 748 4057 802 4115; x_wconf 79' lang='grc' dir='ltr'><strong><em>καὶ</em></strong></span> <span class='ocrx_word' id='word_1_187' title='bbox 824 4055 927 4116; x_wconf 75' lang='grc' dir='ltr'><strong><em>λιπών</em></strong></span> <span class='ocrx_word' id='word_1_188' title='bbox 947 4055 1016 4125; x_wconf 88' lang='grc' dir='ltr'><strong><em>τούς</em></strong></span> <span class='ocrx_word' id='word_1_189' title='bbox 1038 4057 1114 4132; x_wconf 76' lang='grc' dir='ltr'><strong><em>πρὶν</em></strong></span> <span class='ocrx_word' id='word_1_190' title='bbox 1136 4050 1250 4129; x_wconf 84' lang='grc' dir='ltr'><strong><em>λόγους</em></strong></span> 
     </span>
    </p>

    <p class='ocr_par' dir='ltr' id='par_1_6' title="bbox 365 4157 1069 4241">
     <span class='ocr_line' id='line_1_33' title="bbox 365 4157 1069 4241; baseline -0.007 -17"><span class='ocrx_word' id='word_1_191' title='bbox 365 4160 406 4224; x_wconf 78' lang='grc'><strong><em>15</em></strong></span> <span class='ocrx_word' id='word_1_192' title='bbox 429 4157 574 4234; x_wconf 78' lang='grc' dir='ltr'><strong><em>θαύμαζε</em></strong></span> <span class='ocrx_word' id='word_1_193' title='bbox 596 4163 650 4218; x_wconf 79' lang='grc' dir='ltr'><strong><em>καὶ</em></strong></span> <span class='ocrx_word' id='word_1_194' title='bbox 672 4159 796 4238; x_wconf 80' lang='grc' dir='ltr'><strong><em>κη’ρυττε</em></strong></span> <span class='ocrx_word' id='word_1_195' title='bbox 818 4162 872 4220; x_wconf 85' lang='grc' dir='ltr'><strong><em>τόν</em></strong></span> <span class='ocrx_word' id='word_1_196' title='bbox 895 4157 1069 4241; x_wconf 80' lang='grc' dir='ltr'><strong><em>ζωηφόρον.</em></strong></span> 
     </span>
    </p>
   </div>
   <div class='ocr_carea' id='block_1_3' title="bbox 340 4364 1207 4969">
    <p class='ocr_par' dir='ltr' id='par_1_7' title="bbox 340 4364 764 4447">
     <span class='ocr_line' id='line_1_34' title="bbox 340 4364 764 4447; baseline -0.012 -15"><span class='ocrx_word' id='word_1_197' title='bbox 340 4368 406 4435; x_wconf 79' lang='grc'><strong><em>10.</em></strong></span> <span class='ocrx_word' id='word_1_198' title='bbox 428 4365 485 4436; x_wconf 63' lang='lat' dir='ltr'><strong><em>Ek</em></strong></span> <span class='ocrx_word' id='word_1_199' title='bbox 506 4369 561 4447; x_wconf 81' lang='grc' dir='ltr'><strong><em>την</em></strong></span> <span class='ocrx_word' id='word_1_200' title='bbox 583 4364 764 4446; x_wconf 76' lang='grc' dir='ltr'><strong><em>α’νάληψιν.</em></strong></span> 
     </span>
    </p>

    <p class='ocr_par' dir='ltr' id='par_1_8' title="bbox 384 4466 1207 4862">
     <span class='ocr_line' id='line_1_35' title="bbox 384 4466 1207 4550; baseline -0.004 -18"><span class='ocrx_word' id='word_1_201' title='bbox 384 4471 399 4532; x_wconf 93' lang='grc'><strong>1</strong></span> <span class='ocrx_word' id='word_1_202' title='bbox 427 4467 492 4531; x_wconf 71' lang='grc' dir='ltr'><strong><em>Οὐκ</em></strong></span> <span class='ocrx_word' id='word_1_203' title='bbox 515 4466 553 4549; x_wconf 80' lang='grc' dir='ltr'><strong><em>ἦν</em></strong></span> <span class='ocrx_word' id='word_1_204' title='bbox 576 4466 593 4532; x_wconf 85' lang='grc' dir='ltr'><strong><em>δ</em></strong></span> <span class='ocrx_word' id='word_1_205' title='bbox 616 4471 752 4549; x_wconf 83' lang='grc' dir='ltr'><strong><em>Χριστός</em></strong></span> <span class='ocrx_word' id='word_1_206' title='bbox 773 4472 931 4548; x_wconf 77' lang='grc' dir='ltr'><strong><em>σαρκικῶν</em></strong></span> <span class='ocrx_word' id='word_1_207' title='bbox 953 4469 987 4529; x_wconf 83' lang='grc' dir='ltr'><strong><em>έκ</em></strong></span> <span class='ocrx_word' id='word_1_208' title='bbox 1010 4466 1207 4550; x_wconf 87' lang='grc' dir='ltr'><strong><em>σπερμάτων,</em></strong></span> 
     </span>
     <span class='ocr_line' id='line_1_36' title="bbox 423 4570 1163 4656; baseline 0 -21"><span class='ocrx_word' id='word_1_209' title='bbox 423 4576 485 4636; x_wconf 83' lang='grc' dir='ltr'><strong><em>κάν</em></strong></span> <span class='ocrx_word' id='word_1_210' title='bbox 507 4575 585 4654; x_wconf 80' lang='grc' dir='ltr'><strong><em>σάρξ</em></strong></span> <span class='ocrx_word' id='word_1_211' title='bbox 608 4574 754 4656; x_wconf 78' lang='grc' dir='ltr'><strong><em>προῆλθε</em></strong></span> <span class='ocrx_word' id='word_1_212' title='bbox 775 4577 932 4656; x_wconf 83' lang='grc' dir='ltr'><strong><em>μητρικάιν</em></strong></span> <span class='ocrx_word' id='word_1_213' title='bbox 954 4574 988 4649; x_wconf 84' lang='grc' dir='ltr'><strong><em>έξ</em></strong></span> <span class='ocrx_word' id='word_1_214' title='bbox 1009 4570 1163 4652; x_wconf 70' lang='grc' dir='ltr'><strong><em>αἱμάτων,</em></strong></span> 
     </span>
     <span class='ocr_line' id='line_1_37' title="bbox 424 4675 1179 4758; baseline 0 -20"><span class='ocrx_word' id='word_1_215' title='bbox 424 4675 495 4738; x_wconf 72' lang='grc' dir='ltr'><strong><em>ἀλλ’</em></strong></span> <span class='ocrx_word' id='word_1_216' title='bbox 518 4676 553 4739; x_wconf 81' lang='grc' dir='ltr'><strong><em>έκ</em></strong></span> <span class='ocrx_word' id='word_1_217' title='bbox 576 4679 655 4739; x_wconf 85' lang='grc' dir='ltr'><strong><em>θεοῦ</em></strong></span> <span class='ocrx_word' id='word_1_218' title='bbox 677 4676 747 4758; x_wconf 80' lang='grc' dir='ltr'><strong><em>φύς.</em></strong></span> <span class='ocrx_word' id='word_1_219' title='bbox 773 4682 826 4738; x_wconf 76' lang='grc' dir='ltr'><strong><em>καὶ</em></strong></span> <span class='ocrx_word' id='word_1_220' title='bbox 849 4677 1016 4740; x_wconf 73' lang='grc' dir='ltr'><strong><em>κατελθών</em></strong></span> <span class='ocrx_word' id='word_1_221' title='bbox 1036 4677 1179 4754; x_wconf 78' lang='grc' dir='ltr'><strong><em>ὑψόθεν,</em></strong></span> 
     </span>
     <span class='ocr_line' id='line_1_38' title="bbox 421 4778 1099 4862; baseline 0.003 -18"><span class='ocrx_word' id='word_1_222' title='bbox 421 4781 467 4855; x_wconf 79' lang='grc' dir='ltr'><strong><em>ελς</em></strong></span> <span class='ocrx_word' id='word_1_223' title='bbox 485 4778 638 4862; x_wconf 83' lang='grc' dir='ltr'><strong><em>σύρανούς</em></strong></span> <span class='ocrx_word' id='word_1_224' title='bbox 659 4783 760 4845; x_wconf 83' lang='grc' dir='ltr'><strong><em>ἄνεισι</em></strong></span> <span class='ocrx_word' id='word_1_225' title='bbox 784 4783 863 4862; x_wconf 81' lang='grc' dir='ltr'><strong><em>πρὸς</em></strong></span> <span class='ocrx_word' id='word_1_226' title='bbox 886 4782 967 4843; x_wconf 81' lang='grc' dir='ltr'><strong><em>θεὸν</em></strong></span> <span class='ocrx_word' id='word_1_227' title='bbox 990 4782 1099 4846; x_wconf 88' lang='grc' dir='ltr'><strong><em>πάλιν.</em></strong></span> 
     </span>
    </p>

    <p class='ocr_par' dir='ltr' id='par_1_9' title="bbox 377 4884 1118 4969">
     <span class='ocr_line' id='line_1_39' title="bbox 377 4884 1118 4969; baseline -0.007 -17"><span class='ocrx_word' id='word_1_228' title='bbox 377 4887 399 4952; x_wconf 83' lang='grc'>5</span> <span class='ocrx_word' id='word_1_229' title='bbox 423 4892 477 4949; x_wconf 72' lang='grc' dir='ltr'><strong><em>καὶ</em></strong></span> <span class='ocrx_word' id='word_1_230' title='bbox 499 4891 592 4966; x_wconf 80' lang='grc' dir='ltr'><strong><em>σῶμα</em></strong></span> <span class='ocrx_word' id='word_1_231' title='bbox 615 4889 709 4948; x_wconf 88' lang='grc' dir='ltr'><strong><em>θεῖον</em></strong></span> <span class='ocrx_word' id='word_1_232' title='bbox 730 4887 765 4949; x_wconf 88' lang='grc' dir='ltr'><strong><em>έκ</em></strong></span> <span class='ocrx_word' id='word_1_233' title='bbox 785 4892 889 4969; x_wconf 75' lang='grc' dir='ltr'><strong><em>ταφῆς</em></strong></span> <span class='ocrx_word' id='word_1_234' title='bbox 911 4884 1118 4968; x_wconf 77' lang='grc' dir='ltr'><strong><em>άφθαρτέσας</em></strong></span> 
     </span>
    </p>
   </div>
   <div class='ocr_carea' id='block_1_4' title="bbox 1728 2935 1937 3218">
    <p class='ocr_par' dir='ltr' id='par_1_10' title="bbox 1728 2935 1937 3218">
     <span class='ocr_line' id='line_1_40' title="bbox 1748 2935 1937 3000; baseline 0.005 -13"><span class='ocrx_word' id='word_1_235' title='bbox 1748 2952 1761 2999; x_wconf 85' lang='lat'>3</span> <span class='ocrx_word' id='word_1_236' title='bbox 1792 2935 1879 2988; x_wconf 78' lang='lat' dir='ltr'>Lucas</span> <span class='ocrx_word' id='word_1_237' title='bbox 1898 2955 1937 3000; x_wconf 85' lang='lat'><strong><em>24,</em></strong></span> 
     </span>
     <span class='ocr_line' id='line_1_41' title="bbox 1747 3006 1935 3071; baseline 0.027 -15"><span class='ocrx_word' id='word_1_238' title='bbox 1747 3009 1777 3071; x_wconf 85' lang='lat'><strong><em>3⁶</em></strong></span> <span class='ocrx_word' id='word_1_239' title='bbox 1799 3006 1935 3061; x_wconf 75' lang='lat' dir='ltr'><strong>lohannes</strong></span> 
     </span>
     <span class='ocr_line' id='line_1_42' title="bbox 1729 3079 1935 3145; baseline 0.019 -16"><span class='ocrx_word' id='word_1_240' title='bbox 1729 3095 1768 3142; x_wconf 86' lang='grc' dir='ltr'><strong><em>ιο,</em></strong></span> <span class='ocrx_word' id='word_1_241' title='bbox 1789 3096 1818 3145; x_wconf 81' lang='lat'><strong><em>19</em></strong></span> <span class='ocrx_word' id='word_1_242' title='bbox 1834 3081 1838 3139; x_wconf 88' lang='grc' dir='ltr'>Ι</span> <span class='ocrx_word' id='word_1_243' title='bbox 1860 3079 1935 3133; x_wconf 84' lang='lat'>810·</span> 
     </span>
     <span class='ocr_line' id='line_1_43' title="bbox 1728 3148 1934 3218; baseline 0.019 -17"><span class='ocrx_word' id='word_1_244' title='bbox 1728 3148 1834 3205; x_wconf 75' lang='lat' dir='ltr'><strong>hannes</strong></span> <span class='ocrx_word' id='word_1_245' title='bbox 1851 3170 1890 3217; x_wconf 80' lang='grc' dir='ltr'><strong><em>το,</em></strong></span> <span class='ocrx_word' id='word_1_246' title='bbox 1904 3169 1934 3218; x_wconf 83' lang='grc' dir='ltr'><strong><em>ιγ</em></strong></span> 
     </span>
    </p>
   </div>
   <div class='ocr_carea' id='block_1_5' title="bbox 1740 4483 1931 4698">
    <p class='ocr_par' dir='ltr' id='par_1_11' title="bbox 1740 4483 1931 4698">
     <span class='ocr_line' id='line_1_44' title="bbox 1744 4483 1930 4542; baseline 0.027 -6"><span class='ocrx_word' id='word_1_247' title='bbox 1744 4503 1755 4536; x_wconf 90' lang='lat'>1</span> <span class='ocrx_word' id='word_1_248' title='bbox 1793 4483 1930 4542; x_wconf 75' lang='lat' dir='ltr'><strong>Iohannes</strong></span> 
     </span>
     <span class='ocr_line' id='line_1_45' title="bbox 1744 4558 1931 4624; baseline 0.021 -16"><span class='ocrx_word' id='word_1_249' title='bbox 1744 4576 1764 4616; x_wconf 82' lang='lat'><strong><em>1,</em></strong></span> <span class='ocrx_word' id='word_1_250' title='bbox 1785 4575 1813 4623; x_wconf 83' lang='lat'><strong><em>13</em></strong></span> <span class='ocrx_word' id='word_1_251' title='bbox 1830 4560 1864 4624; x_wconf 77' lang='grc'><strong><em>13</em></strong></span> <span class='ocrx_word' id='word_1_252' title='bbox 1887 4558 1931 4612; x_wconf 90' lang='grc' dir='ltr'><strong><em>Ιο·</em></strong></span> 
     </span>
     <span class='ocr_line' id='line_1_46' title="bbox 1740 4628 1930 4698; baseline 0.005 -17"><span class='ocrx_word' id='word_1_253' title='bbox 1740 4628 1846 4684; x_wconf 78' lang='grc' dir='ltr'><strong><em>Ιτεοαει</em></strong></span> <span class='ocrx_word' id='word_1_254' title='bbox 1864 4648 1887 4697; x_wconf 83' lang='lat'><strong><em>3,</em></strong></span> <span class='ocrx_word' id='word_1_255' title='bbox 1903 4649 1930 4698; x_wconf 82' lang='lat'><strong><em>13</em></strong></span> 
     </span>
    </p>
   </div>
   <div class='ocr_carea' id='block_1_6' title="bbox 0 0 2284 6164">
    <p class='ocr_par' dir='ltr' id='par_1_12' title="bbox 0 0 2284 6164">
     <span class='ocr_line' id='line_1_47' title="bbox 0 0 2284 6164; baseline 0 0"><span class='ocrx_word' id='word_1_256' title='bbox 0 0 2284 6164; x_wconf 95' lang='lat' dir='ltr'><strong><em> </em></strong></span> 
     </span>
    </p>
   </div>
  </div>
 </body>
</html>
