4560 6172
516 457 576 521 136
2017 457 2102 524 180

516 625 668 706 έμφαναῖς
689 630 741 685 καὶ
771 624 1024 703 συναιθριάσας,
1058 622 1177 705 ὄφελός
1206 648 1236 686 τε
1265 637 1333 699 ταῖς
1354 631 1473 710 χαίροις
1494 630 1617 709 γένηται
1638 629 1720 705 μέγα
1744 629 1823 707 πρδς
1844 625 2021 705 εὐκαρπίαν
2042 629 2096 685 καί

516 739 579 800 τοῖς
602 730 699 800 οἴκοις
720 727 799 808 πρδς
820 726 975 804 εὐλογίαν,
999 727 1040 790 δι’
1064 722 1110 788 ὦν
1131 727 1309 811 παίροδεύει
1331 732 1408 809 μετά
1431 735 1482 813 τῆς
1503 733 1637 810 χάριτος.
2019 729 2096 792 181ι

604 832 677 894 17Ἡ
693 836 752 911 μὲν
773 835 878 894 τοίνυν
901 831 1075 913 πανηγυρις
1097 830 1172 911 ἡμῖν
1190 832 1356 916 τηλικαύτη
1372 838 1426 894 καί
1439 835 1596 906 τοσούτοις
1608 833 1736 895 κάλλεσι
1752 830 1856 916 κύκλῳ
1872 831 2094 914 κατηγλάῖσται

516 940 628 1017 σαφῶς
651 942 703 997 καί
724 934 932 1009 πεποίκιλται,
955 939 989 996 τό
1012 933 1047 996 δὲ
1070 934 1239 997 κάλλιστον
1261 934 1416 998 ἁπάντων
1438 942 1491 998 καί
1512 940 1724 1016 χαριέστατον,
1758 935 1803 998 ὅτι
1825 934 1928 1020 πληρη
1949 938 2009 1015 μέν
2031 936 2094 997 έστι

516 1041 622 1102 πάντα
653 1039 748 1122 δόξης
789 1041 867 1103 θεοῦ
907 1043 960 1099 καὶ
987 1041 1050 1098 τῶν
1076 1038 1111 1111 ἐξ
1140 1038 1257 1111 αίῶνος
1288 1036 1383 1103 αὑτὸν
1412 1039 1681 1120 θεραπευσάντων
1712 1043 1859 1121 γνησίως,
1895 1037 1940 1100 τόν
1975 1037 2094 1122 ἑκάστῳ

515 1144 637 1217 τελετάς
659 1142 837 1225 διαφόρους
860 1146 912 1202 καί
935 1141 1161 1221 πολυωνύμους
1182 1142 1314 1218 ἄγουσιν
1336 1142 1512 1221 ἄνθρωποι
1534 1149 1622 1226 κοινῆ
1645 1167 1675 1205 τε
1698 1145 1848 1205 καὶκατὰ
1870 1147 1975 1223 μέρος,
2000 1151 2089 1223 παρα·

516 1250 584 1319 τούς
605 1247 720 1319 σίλλους
743 1248 779 1309 δὲ
801 1245 925 1319 πάντας
946 1246 1106 1327 ἐξαίρετόν
1126 1267 1196 1307 τινα
1217 1245 1333 1329 ταύτην
1355 1247 1372 1310 δ
1397 1246 1541 1332 ἡμέτερος
1558 1250 1669 1330 εἴληχε,
1692 1247 1774 1310 πολὺ
1792 1248 1872 1324 πρὸς
1892 1252 1946 1317 τάς
1964 1245 2093 1306 ἐκείνων

514 1358 547 1413 τό
570 1348 750 1434 ὑπερφέρον
772 1355 825 1411 καί
847 1348 1069 1430 παραλλάττον
1094 1349 1293 1414 πλουτοῦσαν
1314 1349 1383 1430 οῦχὶ
1406 1352 1567 1432 πράγματι
1587 1352 1698 1431 μόνον,
1721 1349 1805 1412 άλλά
1824 1348 1861 1430 δη
1877 1355 1930 1408 καί
1946 1347 2093 1427 ὀνόματι·

516 1459 571 1539 την
592 1460 652 1538 γὰρ
674 1461 737 1518 των
759 1455 892 1517 α’νθέων
913 1454 1026 1537 ταύτην
1048 1454 1219 1532 έπιόνυμον
1239 1453 1297 1533 οὑχ
1329 1450 1419 1537 ἦττον
1449 1456 1618 1534 έπιόνυμον
1647 1458 1712 1526 πᾶς
1732 1478 1776 1526 τις
1799 1453 1864 1515 οἶδε
1888 1457 1941 1512 καὶ
1962 1456 2015 1516 τοῦ
2035 1475 2091 1531 με·

514 1560 634 1635 γάλου,
674 1560 709 1634 ἐξ
739 1555 776 1624 οῦ
810 1565 862 1619 καὶ
893 1561 947 1640 την
979 1558 1069 1638 ττμην
1098 1554 1166 1619 οίον
1203 1557 1367 1638 γναίρισμα
1397 1564 1560 1624 ποιοῦνται
1588 1562 1643 1624 τοῦ
1669 1560 1862 1638 τιμωμένου·
1895 1555 1932 1620 οὐ
1961 1563 2022 1635 γαρ
2051 1556 2093 1615 ἄν

515 1685 559 1737 τις
581 1663 717 1736 άκούσας
745 1662 909 1742 οἷνθισμδν
935 1662 971 1723 έν
1001 1662 1086 1747 πόση
1116 1666 1150 1748 τῇ
1180 1665 1219 1747 γῇ
1248 1664 1326 1722 καθ’
1356 1662 1394 1743 ἣν
1416 1661 1650 1745 ὑπερλάμπροις
1672 1661 1688 1744 ἦ
1713 1662 1847 1743 σήμερον
1868 1659 1998 1721 τελεῖται
2029 1680 2090 1736 μυ-

516 1771 687 1842 σταγωγία,
716 1766 816 1828 ἄλλον
846 1768 887 1826 ἄν
916 1768 979 1829 τῶν
1007 1761 1107 1841 ἁγίων
1135 1763 1189 1824 ε’πί
1219 1767 1293 1830 νοῦν
1322 1766 1450 1846 βάλοιτο
1480 1764 1563 1847 πλην
1591 1768 1611 1848 ἢ
1643 1767 1747 1830 τοῦτον
1770 1764 1822 1825 τδν
1842 1763 2034 1841 έξοχιότατον
2055 1762 2090 1823 έν

517 1875 662 1933 πάσικαί
675 1869 929 1951 γνωριμώτατον·
953 1869 981 1930 εί
1004 1868 1041 1929 δέ
1063 1888 1125 1929 που
1148 1871 1201 1928 καὶ
1224 1866 1327 1932 αὑτῶν
1349 1874 1427 1931 τισὶν
1448 1874 1522 1944 ίσως
1543 1871 1595 1934 ὑπ’
1618 1869 1711 1931 ένίων
1731 1871 1860 1931 τοιαῦτα
1884 1864 2090 1947 προσφιλοτι-

516 1984 618 2054 μεῖται
642 2010 682 2020 -
706 1974 710 2058 ί
735 1973 838 2055 δῆθεν
858 1973 902 2045 είς
922 1974 1052 2053 μίμησιν
1077 2008 1125 2044 -,
1148 1970 1221 2032 ἀλλ’
1244 1969 1314 2045 ἑνός
1326 1977 1423 2038 ταῦτα
1440 1973 1545 2034 πάντα
1563 1973 1765 2053 πρωτατύπου
1783 1969 1945 2045 α’ντίτυπα,
2014 1970 2090 2033 181²

517 2081 549 2140 τό
565 2078 610 2151 δέ,
632 2075 808 2155 μοναδικόν
829 2099 859 2138 τε
881 2081 934 2137 καί
956 2075 1098 2154 ἄμικτον,
1121 2072 1311 2156 άσυγκρίτως
1334 2074 1487 2138 ἁπάντων
1508 2075 1660 2157 ὑπερέχον
1682 2079 1735 2136 καί
1756 2073 1938 2154 ὑπεραῖρον.

606 2180 718 2261 18Περί
739 2183 798 2258 μὲν
819 2176 877 2244 ούν
897 2180 1010 2243 τούτων
1031 2177 1084 2238 em
1105 2183 1265 2242 τοσοῦτον·
1297 2180 1365 2241 έπεί
1395 2178 1424 2241 δ’
1454 2176 1472 2240 ὑ
1505 2185 1613 2260 καιρὸς
1641 2181 1695 2242 ἐπὶ
1726 2179 1780 2260 την
1807 2178 2000 2258 μαρτυρικην
2030 2174 2089 2257 ἤδη

519 2284 662 2365 πρόοδον
683 2285 832 2349 ἐντεῦθεν
854 2282 953 2357 καλεῖ,
974 2281 1030 2343 τόν
1051 2303 1081 2342 τε
1096 2279 1192 2353 λόγον
1206 2283 1429 2343 α’ναπαυστέον
1450 2286 1503 2343 καί
1528 2283 1693 2346 διαλυτέον
1706 2285 1759 2345 τὸν
1778 2281 1943 2357 σύλλογον,
1966 2279 2091 2358 μᾶλλον

520 2388 555 2450 δὲ
577 2391 786 2470 προτρεπτέον
814 2387 867 2450 ἐπὶ
896 2389 950 2468 την
978 2384 1045 2448 ἐκεῖ
1072 2385 1261 2466 συνδρομήν,
1291 2385 1534 2466 έμπαράσκευον
1563 2394 1616 2449 καί
1645 2387 1751 2460 άλλως
1779 2387 1855 2449 ὄντα
1885 2390 1938 2445 καί
1967 2387 2092 2463 προθυ-

518 2493 655 2573 μότατον
669 2530 706 2540 -
728 2497 781 2554 καί
797 2496 864 2566 πῶς
877 2496 938 2574 γάρ
961 2489 1016 2554 οὑκ
1039 2489 1167 2570 ἔμελλεν
1172 2519 1184 2568 ,·
1206 2491 1257 2554 ἐπ’
1273 2489 1349 2554 αύτδ
1364 2492 1477 2572 παρών
1490 2496 1588 2572 τοῦτο,
1611 2496 1664 2554 καί
1686 2491 1791 2553 πάντα
1814 2493 1894 2573 πρδς
1916 2490 2016 2565 δόξαν
2039 2494 2092 2551 καὶ

518 2596 608 2680 τιμην
629 2600 681 2679 τῆς
703 2595 821 2679 ἡμέρας
842 2597 877 2659 έκ
897 2598 1022 2675 μακροῦ
1045 2594 1184 2678 πληροῦν
1205 2598 1518 2678 προηυτρεπισμένος,
1553 2594 1595 2670 εὑς
1617 2597 1659 2657 δν
1680 2594 1734 2658 έπί
1755 2593 1938 2675 τελεωτέρας
1963 2596 2092 2666 πίστεως

519 2703 620 2782 ἔργοις
641 2700 873 2780 πλουσιωτέρας
894 2698 1021 2772 εἰκότως
1042 2704 1094 2761 καί
1114 2699 1170 2770 τδς
1190 2696 1394 2777 α’ντκμισθίας
1415 2698 1495 2778 ἔχων
1517 2697 1671 2764 άπέλθοι.
1691 2703 1778 2773 τίνας
1799 2696 1838 2781 δη
1861 2699 1941 2775 λέγω
1963 2697 2092 2774 ταύτας,

521 2804 618 2888 ῥύσιν
641 2807 754 2887 ψυχῆς,
777 2802 874 2886 ῥύσιν
896 2802 1049 2882 στόματος,
1071 2798 1226 2866 εὑόδωσιν
1249 2804 1331 2879 βίου,
1352 2804 1463 2879 γένους
1484 2803 1660 2886 προκοπήν,
1696 2807 1792 2866 οἴκων
1814 2804 1955 2884 αὔξησιν,
1984 2798 2094 2861 άπαλ.

519 2908 620 2991 λαγιὶν
642 2906 760 2981 παντὸς
780 2907 929 2986 χαλεποῦ,
953 2905 1153 2985 πλεονασμὸν
1174 2902 1323 2980 α’γαθοίν,
1345 2910 1408 2968 ταῖν
1429 2904 1638 2989 α’γνοημάτων
1659 2905 1843 2988 συγγνώμην
1865 2910 1919 2967 καί
1942 2903 2093 2987 σωτηρίαν

521 3007 669 3075 αίιόνιον·
694 3015 810 3084 τούτοις
829 3012 890 3092 γάρ
913 3009 972 3094 ἤδη
995 3015 1092 3072 πᾶσιν
1114 3005 1131 3070 δ
1155 3008 1248 3084 λόγος
1268 3009 1338 3082 τοὺς
1359 3009 1412 3071 έπῐ
1433 3010 1539 3091 χώρας
1565 3034 1596 3072 τε
1616 3013 1769 3089 μένοντας
1786 3011 1790 3097 ί
1807 3009 1951 3091 άομένως
2018 3008 2093 3074 182¹

522 3115 763 3198 φιλοφρονεῖται
784 3119 837 3175 καί
857 3112 928 3186 τοὺς
949 3109 1104 3185 α’πιόντας
1125 3113 1274 3177 ἐντεῦθεν
1301 3112 1484 3192 έφοδιάζων
1514 3114 1683 3195 έκπέμπει,
1712 3117 1796 3195 μέγα
1819 3120 2006 3193 ποιούμενος
2027 3116 2094 3195 (καί

522 3217 650 3300 σφόδρα
673 3218 815 3300 δικαίως)
838 3217 892 3299 τὴν
913 3215 1064 3298 τοσαύτην
1086 3221 1157 3298 περὶ
1177 3219 1233 3279 τόν
1254 3215 1346 3292 ἅγιον
1367 3215 1605 3300 εὐγνωμοσύνην
1627 3221 1755 3281 πάντων
1779 3226 1832 3280 καί
1853 3219 1990 3292 εὑνοιαν,
2009 3216 2095 3299 ,ὅθεν

521 3330 575 3384 καί
597 3326 771 3393 πεινῶντας
792 3321 888 3394 οὑτως
910 3319 1022 3393 αὐτούς
1034 3324 1088 3402 την
1103 3319 1323 3403 δικαιοσύνην*
1346 3319 1440 3401 ὑριῦν,
1462 3321 1622 3385 α’πολῦσοι
1644 3322 1762 3406 νήσας*
1784 3324 1932 3386 έντεὺθεν
1953 3323 2096 3405 η’κενοὺς

523 3426 664 3508 ἐφοδίων
687 3425 743 3504 οὑχ
765 3425 926 3505 ὑπομένει.

611 3528 637 3567 ¹⁹
650 3532 758 3592 Ταῦτα
779 3531 838 3607 μὲν
859 3532 913 3588 καί
935 3531 991 3591 νῦν
1013 3528 1090 3606 παρ’
1112 3528 1203 3609 η’μῶν
1225 3547 1284 3605 σοι,
1305 3531 1426 3607 μέγιστε
1446 3529 1575 3609 μάρτυς,
1608 3530 1664 3603 οὑς
1683 3529 1835 3602 έκάλεσας
1858 3530 2031 3610 πόρρωθεν
2051 3528 2095 3601 είς

523 3633 578 3716 την
599 3632 657 3715 σὴν
679 3631 872 3714 λειτουργίαν
898 3668 929 3676 -
964 3627 1024 3695 ούκ
1046 3629 1120 3692 οίδα
1143 3633 1211 3704 πῶς
1233 3635 1286 3692 καί
1307 3634 1386 3713 πρὸς
1408 3635 1436 3695 τί
1457 3635 1478 3715 η’
1499 3635 1577 3696 κατὰ
1596 3637 1682 3706 τίνας
1704 3633 1818 3710 λόγους
1840 3633 2023 3712 οἰκονομίας
2045 3664 2095 3681 -·

523 3738 561 3799 σὺ
590 3734 625 3797 δὲ
655 3733 833 3816 άφέστηκας
865 3739 918 3795 καὶ
945 3734 988 3796 ἔτι
1016 3737 1195 3813 μακρόθεν,
1229 3731 1406 3816 ὑπερορᾷς*
1437 3737 1473 3799 έν
1501 3736 1689 3820 εὑκαιρίαις,
1720 3738 1756 3799 έν
1782 3736 1947 3820 θλίψεσιν,
1978 3739 2018 3799 ἶν’
2041 3735 2096 3798 οὑκ

523 3839 675 3920 εὑκαίρως
705 3841 778 3911 ἴσως
809 3837 902 3912 αύτδς
929 3837 965 3900 έν
992 3834 1151 3916 εύθυμίας
1180 3843 1280 3924 καιρῷ
1311 3839 1522 3923 παλινωδήσω
1544 3865 1572 3903 τι
1597 3844 1711 3922 μικρὸν
1733 3846 1786 3903 καί
1808 3840 2100 3922 παρατραγωδήσω,

523 3945 559 4032 τῇ
582 3947 641 4005 νῦν
665 3941 828 4032 ἀνατροπῇ
852 3947 905 4004 καί
926 3942 1068 4020 συγχύσει
1091 3942 1184 4028 ταότη
1206 3946 1268 4005 τῶν
1290 3944 1369 4005 καθ’
1391 3942 1473 4027 ὑμᾶς
1494 3946 1691 4026 πραγμάτων
1706 3943 1949 4021 ίπιστυγνάζων,
1971 3949 2024 4004 καί
2046 3949 2101 4026 τη“ν

524 4051 581 4130 ση“ν
603 4051 771 4128 καρτερίαν
793 4053 864 4127 περὶ
885 4051 982 4109 ταῦτα
1004 4050 1057 4107 καὶ
1080 4043 1208 4129 α’νοχην,
1240 4047 1279 4128 ἣν
1307 4048 1360 4110 έπὶ
1389 4053 1536 4112 τοσοῦτον
1567 4049 1663 4137 άνέχη
1697 4052 1787 4129 παρά
1819 4051 1853 4109 τό
1875 4047 1959 4120 είκδς
1992 4051 2044 4108 καί
2066 4051 2099 4109 τό

524 4152 612 4225 ἔθος,
635 4149 904 4232 ὑπερθαυμάζων,
926 4150 969 4212 δι’
991 4149 1030 4231 η“ν
1051 4149 1104 4232 έφ’
1128 4149 1208 4213 οὕτω
1230 4154 1355 4232 μακρόν
1375 4153 1430 4234 την
1452 4156 1699 4235 θαυματουργδν
1721 4151 1848 4231 έπέσχες
1866 4151 2025 4233 ένέργειαν
2048 4155 2101 4211 καὶ

525 4253 703 4336 άπέστησας
725 4253 833 4339 πλέίον
855 4256 875 4336 η“
896 4252 1067 4333 δυνάμεθα
1090 4257 1200 4336 φέρειν
1222 4251 1282 4337 άφ’
1304 4250 1394 4337 ἡμῶν
1415 4260 1451 4334 τά
1475 4256 1548 4341 έλέη
1571 4275 1637 4320 σου.
1684 4253 1775 4318 2θοὺκ
1791 4255 1959 4343 έπισκέπτη
2026 4254 2104 4319 182²

524 4360 704 4432 νοσοῦντας,
728 4354 767 4419 οὑ
788 4355 1040 4437 παιραζομένους
1061 4356 1236 4441 οίκτείρεις,
1270 4354 1328 4420 οὑκ
1350 4358 1560 4440 ἀθυμοῦντας
1580 4357 1794 4439 παρακαλεῖς,
1824 4355 1862 4420 ού
1885 4360 2015 4441 βοηθεῖς
2038 4378 2102 4419 κιν-

525 4460 704 4524 δυνεύουσι·
730 4464 782 4521 καί
804 4459 891 4543 ἡμεῖς
911 4464 970 4540 μὲν
991 4459 1150 4535 δικαίως*,
1172 4465 1227 4521 ῖνα
1249 4465 1302 4522 καί
1325 4461 1418 4536 αὑτδς
1439 4469 1494 4526 τδν
1515 4461 1700 4541 εὐγνώμονα
1720 4461 1845 4543 ζηλιόσω
1868 4459 2000 4548 ληστῆν·
2024 4460 2101 4534 ἄξια

525 4568 586 4646 γάρ
610 4564 651 4649 δη’
674 4587 737 4627 που
758 4569 821 4627 τῶν
853 4567 1085 4646 πεπραγμένων
1118 4567 1137 4646 η’
1167 4567 1221 4625 καί
1242 4570 1464 4647 πραττομένων
1494 4565 1778 4647 ἀπολαμβάνομεν,
1813 4563 1830 4626 ὑ
1855 4562 1891 4625 δέ
1914 4563 1993 4636 λαός
2014 4557 2104 4636 οὑτος

527 4673 571 4747 τίς
592 4671 626 4732 τδ
650 4667 737 4750 ἱερὸν
757 4671 847 4734 τοῦτο
870 4672 1035 4748 ποίμνιον,
1068 4669 1102 4730 τδ
1125 4674 1174 4730 σοί
1196 4672 1352 4749 καθαρῶς
1371 4675 1425 4732 καί
1447 4670 1556 4745 λδικιός
1579 4670 1788 4749 άνακείμενον
1810 4672 1864 4729 καί
1884 4673 1934 4730 σοί
1955 4667 2105 4750 διηνεκῶς

599 4797 627 4845 18
646 4792 738 4847 Matth
758 4809 780 4858 5.
800 4791 879 4863 ⁶118
898 4793 992 4848 Matth
1011 4809 1049 4859 ις,
1067 4791 1164 4859 ςτΙτη
1184 4790 1226 4846 0¹¹¹
1243 4792 1269 4844 οί
1286 4793 1405 4864 ίπίλογοι
1422 4797 1426 4861 Ι
1443 4815 1471 4864 ¹9
1491 4794 1583 4850 Psalm
1602 4797 1622 4845 θ
1640 4803 1738 4859 κτητο
1756 4790 1813 4845 Luc
1831 4809 1870 4858 τη,
1887 4809 1917 4856 41
