4560 6172
341 539 403 604 196
1840 536 1920 602 187

339 711 395 792 τήν
416 708 516 792 α’ρχήν
537 712 752 790 ἐπιστάμενος,
778 716 830 794 τῆς
851 711 881 774 δ’
904 709 1002 792 α’ρχῆς
1025 711 1128 792 σοφόν
1150 709 1336 793 κυβερνήτην
1358 712 1412 772 τδν
1435 709 1535 788 νόμον
1556 707 1721 780 ἀσπασίως
1744 705 1920 787 παραλαμ-

341 813 462 891 βάνων,
491 813 574 886 ὅστις
602 814 720 893 εὕρεμα
741 817 801 894 μέν
830 814 893 876 ἐστὶ
923 819 976 876 καὶ
1005 814 1112 897 δῶρον
1141 819 1233 889 θεοῦ,
1262 817 1352 895 τέχνη
1380 814 1416 875 δὲ
1446 816 1499 874 καί
1525 812 1645 887 λέγεται
1669 816 1722 872 καί
1743 807 1918 873 πιστεύεται

339 921 394 980 τού
416 918 515 980 καλού
538 941 569 980 τε
592 925 644 980 καὶ
669 921 750 994 ἴσου,
780 918 1021 999 ἐπανορθοῦται
1048 918 1084 981 δέ
1108 920 1211 981 πάντα
1241 920 1295 980 τδν
1324 917 1536 996 όνθρτύπινον
1559 919 1630 994 βίον
1651 920 1705 976 καί
1728 917 1919 996 θαυμαστήν

342 1042 411 1082 τινα
433 1024 524 1095 τάξιν
547 1025 730 1102 πρυτανεύει
753 1034 817 1095 τοῖς
839 1023 1018 1103 πράγμασι·
1052 1022 1137 1096 τάξις
1166 1023 1201 1084 δὲ
1229 1025 1262 1085 τύ
1286 1020 1465 1105 κεφάλαιον
1488 1019 1545 1104 (ὥς
1567 1019 1659 1102 ἔπος)
1681 1024 1744 1082 τόν
1767 1017 1919 1095 α’γαθτίν,

344 1125 437 1208 ῆκαὶ
457 1127 495 1186 τά
518 1126 641 1201 ἐπίγεια
664 1131 784 1204 συνέχει
807 1128 919 1186 καὶτὰ
942 1122 1087 1203 οὐράνια.

430 1229 601 1312 8τοσαύτην
633 1232 738 1291 τοίνυν
766 1238 830 1300 τοῖς
857 1233 968 1306 νόμοις
996 1228 1241 1307 ἐνυπάρχουσαν
1271 1227 1406 1305 δύναμιν
1435 1227 1467 1289 οἱ
1496 1232 1558 1308 πρὸ
1587 1225 1676 1307 ήμῶν
1707 1224 1918 1305 εὐσεβέστατοι

342 1333 483 1417 βασιλεῖς
505 1332 692 1406 συνιδόντες,
712 1333 767 1410 οὐχ
791 1327 888 1418 η’τήτον
909 1339 971 1393 ταῖν
994 1334 1101 1411 νόμων
1124 1335 1143 1413 ή
1165 1340 1227 1393 τῶν
1249 1317 1576 1411 ὐπλωνέφρόντισαν,
1601 1335 1637 1392 τά
1658 1333 1716 1408 μέν
1737 1330 1773 1391 ἐκ
1840 1329 1918 1394 281²

343 1436 491 1517 πολέμων
520 1440 601 1498 κακά
628 1447 841 1518 στρατηγικαῖς
871 1436 1040 1517 όριστείαις
1071 1439 1090 1518 ῆ
1111 1446 1176 1511 ταῖς
1198 1438 1330 1497 ἄνωθεν
1349 1436 1473 1514 μᾶλλον
1496 1437 1686 1515 συμμαχίαις
1709 1432 1918 1514 α’πείργοντες,

343 1544 375 1603 τὸ
399 1541 434 1602 δέ
457 1546 508 1622 τῆς
529 1544 652 1623 εἰρήνης
681 1540 781 1602 καλόν
813 1545 1019 1619 νομοθεσίαις
1049 1539 1189 1621 οἷρίσταις
1218 1540 1471 1618 ἐπικοσμοῦντες,
1502 1546 1553 1599 καὶ
1577 1538 1618 1600 δι’
1641 1538 1831 1621 ἀμφοτέρων
1855 1541 1921 1601 δει-

344 1643 469 1717 κνύντες
491 1652 544 1727 τῆς
564 1644 728 1726 βασιλικῆς
749 1637 917 1726 ἐπιστήμης
938 1649 971 1706 τὸ
995 1643 1122 1722 α’ξίωμα
1151 1649 1203 1704 καὶ
1233 1645 1266 1705 τδ
1289 1647 1436 1724 μέγεθος.
1466 1639 1549 1705 άλλδ
1574 1648 1689 1723 καίπερ
1712 1642 1792 1707 οὕτω
1815 1662 1918 1705 σπου-

346 1747 498 1821 δάσαντες
521 1755 590 1828 περὶ
613 1751 667 1830 τήν
688 1754 750 1810 ταῖν
773 1747 879 1828 νόμων
901 1750 999 1830 τιμήν,
1031 1754 1084 1808 καὶ
1115 1747 1238 1829 πολλήν
1266 1747 1311 1819 εἰς
1331 1753 1419 1813 τοῦτο
1441 1746 1474 1809 τὸ
1496 1751 1592 1829 μέρος
1615 1751 1832 1828 πραγματείαν
1854 1749 1919 1809 είσ-

346 1853 529 1927 ενεγκύντες,
554 1852 596 1924 αἱς
619 1853 749 1925 πολλοῖς
768 1856 827 1931 μὲν
850 1853 962 1924 κόποις
984 1856 1037 1911 καὶ
1059 1853 1171 1924 πόνοις
1192 1855 1247 1932 τήν
1269 1851 1303 1912 ἐν
1324 1852 1443 1921 τούτοις
1458 1850 1609 1931 α’μετρίαν
1624 1852 1789 1924 συστεῖλαι,
1815 1851 1919 1913 πολλοὶ

346 1956 381 2017 δέ
404 1967 516 2035 καμεῖν
540 1963 610 2036 περὶ
632 1960 686 2038 τήν
707 1955 874 2040 ἑρμηνείαν
896 1961 947 2039 τῆς
965 1955 1125 2030 Ἰταλίδυς,
1147 1957 1226 2016 καθ’
1248 1956 1286 2036 ῆν
1308 1953 1326 2037 ή
1349 1960 1411 2016 τόν
1432 1955 1540 2033 νόμων
1562 1953 1731 2036 ἀρχαιότης
1753 1959 1921 2028 συνέκειτο,

346 2058 403 2121 οὐκ
426 2059 517 2134 ὀλίγα
541 2059 576 2121 δέ
600 2062 677 2140 πρὸς
697 2065 752 2141 τήν
775 2060 888 2125 τούτων
909 2061 1148 2141 ταλαιπωρῆσαι
1171 2062 1359 2143 σαφήνειαν,
1389 2059 1432 2120 έτι
1463 2060 1497 2122 δὲ
1525 2065 1577 2119 καὶ
1607 2062 1661 2140 τήν
1689 2058 1921 2138 ἀνακάθαρσιν

347 2165 392 2225 ὅτι
415 2164 556 2245 πλείστης
579 2163 746 2243 φροντίδος
768 2171 820 2225 καὶ
842 2165 983 2246 σπουδῆς
1004 2161 1156 2238 άξιῶσαι,
1187 2167 1221 2226 έν
1250 2187 1278 2225 τι
1307 2162 1474 2224 κάλλιστον
1504 2165 1636 2242 πρᾶγμα
1667 2168 1720 2222 καὶ
1749 2166 1791 2242 τῷ
1823 2168 1922 2242 κοινηῖ

347 2266 595 2345 συμφορώτατον
624 2265 691 2351 (οὐκ
724 2267 797 2329 οίδα
827 2270 933 2331 πόθεν
962 2268 1031 2332 οὐδ’
1054 2270 1155 2347 ὅπως)
1186 2269 1365 2347 παρέλιπον
1394 2267 1583 2351 α’διοίκητον.
1676 2263 1743 2328 4ιύν
1772 2273 1834 2347 γὰρ
1866 2272 1921 2349 τήν

347 2374 456 2449 χρῆσιν
479 2369 635 2450 ἐτίμησαν,
659 2373 774 2433 τούτων
796 2371 962 2452 ὐπερεῖδον
984 2375 1038 2454 τήν
1053 2374 1193 2454 ἄσκησιν,
1217 2377 1269 2432 καὶ
1284 2372 1339 2443 οὓς
1354 2372 1570 2452 διαφερόντως
1585 2370 1780 2460 ᾐδέσθησαν,
1803 2375 1922 2446 τούτοις

348 2471 403 2537 οὐκ
433 2474 563 2552 ἐξεῦρον
593 2473 801 2551 διδάσκαλον,
844 2475 927 2538 α’λλό
965 2479 1034 2549 τούς
1066 2476 1384 2558 συμβολαιογράφους
1421 2481 1480 2555 μέν
1518 2475 1723 2555 άνακρίνουσι
1763 2481 1817 2537 καὶ
1852 2478 1924 2548 τούς

349 2578 352 2662 ή
377 2581 566 2658 συνηγόρους
595 2577 789 2641 εὐθύνουσιν
818 2581 899 2642 ὅθεν
927 2603 957 2642 τε
980 2585 1032 2642 καὶ
1052 2579 1139 2654 ὅπως
1160 2583 1197 2642 τά
1219 2584 1282 2642 τόν
1305 2582 1412 2660 νόμων
1432 2579 1627 2659 παρέλαβον,
1656 2585 1710 2640 καί
1738 2578 1777 2640 οὐ
1842 2582 1921 2646 282¹

349 2687 423 2761 πρὶν
444 2682 664 2760 ἐπιτρέπουσιν
686 2681 789 2746 οὐδενὶ
810 2689 872 2744 τῶν
894 2685 1041 2746 τοιούτων
1063 2687 1083 2766 ῆ
1103 2696 1166 2757 τοῖς
1188 2688 1370 2764 σωματείοις
1392 2683 1660 2759 ἐγκαταλέγεσθαι
1682 2686 1702 2765 ῆ
1722 2694 1785 2755 ταῖς
1807 2684 1922 2761 λογιω-

346 2782 448 2858 τάτοις
470 2785 757 2864 ἐναπογράφεσθαι
779 2785 914 2869 ῥήτορσι,
937 2793 1011 2868 πρὶν
1027 2791 1068 2849 δν
1090 2797 1142 2848 καὶ
1159 2787 1373 2860 διδασκάλους
1387 2788 1507 2849 ἑαυτῶν
1522 2785 1714 2860 ἀποδείξωσι
1736 2793 1789 2847 καὶ
1805 2788 1923 2867 χρόνον

346 2894 538 2969 γνωρίσωσιν
567 2888 690 2951 ὁπόσον
720 2893 890 2973 διέτριψαν
918 2892 953 2953 ἐν
980 2902 1043 2962 τοῖς
1071 2896 1133 2953 τῶν
1160 2895 1268 2969 νόμων
1295 2891 1505 2973 μαθήμασιν·
1537 2889 1631 2954 αὐτόν
1662 2890 1691 2952 δ’
1719 2891 1841 2952 ἐκεῖνον
1866 2896 1922 2954 τόν

346 3000 443 3056 ταῦτα
475 2994 658 3074 φιλοπόνως
686 2995 857 3069 διδάξοντα
888 2999 941 3055 καὶ
968 2997 1022 3076 τήν
1050 3001 1112 3055 τῶν
1140 2995 1248 3076 νόμων
1273 2996 1392 3078 εἴδησιν
1415 2996 1528 3066 τούτοις
1551 2994 1664 3075 άκριβή
1687 2996 1922 3074 παραδόσοντα

346 3097 564 3177 μακροθύμως
585 3094 621 3160 εὐ
641 3099 729 3176 μάλα
753 3105 805 3160 καί
827 3099 1060 3179 μεγαλοψύχως
1088 3099 1304 3180 παρέδραμον,
1337 3097 1394 3160 οὐκ
1424 3099 1529 3178 ἄνδρα
1560 3103 1639 3176 πρὸς
1669 3105 1755 3163 τοῦτο
1785 3100 1923 3161 δυνατὸν

346 3201 565 3280 ἐκλεξάμεναι,
595 3200 632 3266 οὐ
660 3210 839 3286 συναγωγῆς
868 3204 936 3264 τινὰ
959 3201 1058 3264 τόπον
1088 3214 1152 3274 τοῖς
1173 3200 1280 3279 νόμων
1302 3203 1447 3281 ἐρασταῖς
1469 3201 1701 3277 άποτάξαντες,
1732 3202 1769 3266 οὐ
1790 3207 1922 3284 σιτήσεις

348 3305 523 3387 ὁρίσαντες,
552 3305 609 3369 ούκ
633 3307 713 3368 ἄλλα
735 3332 761 3368 τι
784 3310 845 3368 τῶν
868 3305 927 3368 ὅσα
950 3311 1096 3368 συνιστᾶν
1119 3328 1149 3368 τε
1172 3312 1224 3366 καὶ
1247 3316 1422 3384 συγκροτεῖν
1444 3306 1666 3368 διδασκαλείου
1689 3310 1811 3385 πέφυκε
1833 3307 1924 3382 τάξιν

348 3412 622 3491 ολκυνομήσαντες,
646 3411 715 3472 ἄλλ’
739 3411 780 3482 ὡς
803 3410 1014 3493 ἀκυβέρνητον
1038 3410 1150 3472 πλοῖον
1172 3415 1225 3491 τήν
1241 3407 1331 3489 ἱερὰν
1348 3410 1569 3489 νομομάθειαν
1584 3411 1619 3471 ἐν
1635 3416 1719 3494 μέσῳ
1734 3415 1777 3495 τῷ
1793 3413 1923 3488 πελάγει

349 3521 403 3579 τού
425 3522 496 3595 βίου
519 3517 697 3588 κατέλιπον,
727 3514 770 3586 ὡς
797 3517 839 3575 ἄν
866 3519 1019 3594 συμπέσοι
1049 3520 1102 3575 καὶ
1123 3513 1207 3592 τύχοι
1230 3513 1422 3575 πλανᾶσθαι
1445 3520 1497 3575 καί
1520 3517 1690 3593 φέρεσθαι.
1778 3514 1923 3577 δυόδένα

350 3625 428 3697 γούν
451 3621 560 3699 σχεδὸν
590 3624 678 3700 ἴσμεν
707 3624 768 3681 τῶν
797 3618 841 3691 εἰς
871 3619 1031 3680 πολιτείαν
1059 3619 1128 3699 όρτι
1159 3618 1441 3699 παραγγελλόντων
1463 3615 1520 3679 ἀπ’
1542 3618 1726 3692 ἀξιοπίστου
1749 3620 1923 3701 μαθήσεως

351 3725 393 3798 ὥς
415 3727 449 3800 ἐξ
472 3725 571 3805 ὅρμου
592 3727 675 3796 τινὸς
698 3726 716 3805 ῆ
738 3723 862 3801 λιμένος
876 3720 1010 3786 εὐθέτου
1025 3723 1077 3785 ἐπί
1092 3727 1146 3795 τάς
1163 3721 1323 3794 πολιτικὰς
1339 3720 1537 3802 α’ναγόμενον
1551 3722 1779 3807 μεταήχειρίσεις
1843 3726 1923 3789 282²

239 3879 240 3882 η
351 3837 402 3891 καὶ
434 3827 581 3910 πράξεις,
617 3827 687 3890 ἀλλ’
710 3829 786 3889 ὅσον
814 3831 866 3908 τῆς
896 3831 1037 3910 νεότητος
1065 3830 1160 3906 μέρος
1189 3833 1268 3905 πρός
1295 3828 1350 3908 τήν
1378 3829 1433 3892 τοῦ
1460 3830 1650 3907 μαθήματος
1672 3827 1782 3889 τούτου
1805 3832 1922 3901 γνῶσιν

349 3933 440 4015 δργᾷ,
464 3934 543 4015 ζητεῖ
561 3937 620 4013 μέν
642 3937 694 3992 καὶ
719 3931 791 3992 λίαν
812 3931 966 4010 ἐπιμελῶς
988 3933 1042 3993 τδν
1064 3931 1247 4005 διδάξοντα,
1279 3929 1394 3995 οὐδένα
1418 3931 1453 3993 δέ
1475 3930 1643 4009 βλέποντες
1661 3931 1707 4004 είς
1729 3935 1814 3996 τοῦτο
1838 3955 1921 4013 προ-

349 4039 542 4121 βεβλημένον
564 4037 637 4103 οὐδὲ
659 4040 755 4117 κρίσει
779 4040 831 4095 καὶ
855 4039 958 4118 ψήφῳ
979 4040 1255 4117 μεμαρτυρημένον
1277 4035 1437 4123 βασιλική,
1461 4033 1582 4115 α’πορίᾳ
1606 4038 1657 4099 τού
1679 4038 1848 4114 κρείττονος
1869 4037 1922 4116 ἐφ’

350 4144 387 4204 ὐν
409 4146 452 4204 άν
473 4145 592 4222 τύχοιεν
613 4146 757 4215 ἕκαστος,
790 4138 873 4220 ὁρμᾷ
897 4145 1000 4200 τεκαὶ
1024 4143 1166 4220 φέρεται,
1197 4144 1250 4200 καὶ
1270 4140 1369 4213 άλλος
1392 4139 1480 4221 όλλῳ
1504 4142 1671 4210 πιστεύσας
1691 4138 1805 4201 ἐαυτὸν
1828 4140 1923 4200 διδα-

351 4249 466 4329 σκάλῳ,
492 4251 552 4309 κόν
574 4247 704 4309 πάντων
727 4245 925 4324 εὐτελέστερον
947 4245 1012 4321 ἔχοι
1035 4248 1106 4323 περὶ
1129 4248 1181 4324 τήν
1201 4248 1255 4305 τού
1277 4242 1470 4327 μαθήματος
1492 4244 1632 4323 ἄσκησιν,
1657 4241 1741 4321 ὅμως
1763 4244 1795 4303 τὸ
1819 4241 1923 4324 ῥηθὲν

349 4351 402 4416 ὐπ’
426 4354 546 4415 ἐκείνου
568 4356 703 4430 βεβαίως
724 4349 1002 4430 παραδεξάμενος,
1034 4347 1164 4430 άπῆλθε
1187 4348 1340 4420 πολλάκις
1363 4347 1418 4425 οὐχ
1439 4348 1460 4407 ἃ
1483 4359 1546 4419 τοῖς
1569 4348 1677 4427 νόμοις
1699 4345 1820 4419 ἐδόκει,
1851 4344 1923 4407 ἄλλ’

349 4458 370 4517 δῖ
393 4462 435 4540 τῷ
458 4456 624 4532 διδάξαντι
647 4455 791 4537 ἐπῆλθεν
812 4453 923 4528 εἰπεῖν,
946 4454 990 4525 είς
1012 4457 1067 4535 τήν
1088 4450 1201 4517 ἑαυτοῦ
1223 4454 1330 4535 ψυχήν
1352 4475 1381 4512 τε
1404 4454 1456 4511 καὶ
1477 4451 1602 4534 μνήμην
1626 4450 1843 4530 παραλαβών·
1881 4451 1924 4523 αις

348 4560 497 4622 ἐντεῦθεν
520 4560 642 4642 πολλήν
663 4581 733 4621 τινα
754 4557 894 4638 ταραχήν
916 4579 946 4619 τε
969 4563 1022 4618 καὶ
1045 4556 1188 4634 σύγχυσιν
1211 4562 1281 4636 περὶ
1302 4559 1357 4626 τάς
1379 4553 1521 4616 ἑκάστοτε
1544 4559 1657 4635 κρίσεις
1685 4554 1925 4633 ἐπισυμβαίνειν

348 4676 410 4738 τοῖς
433 4665 627 4744 πράγμασιν,
658 4665 712 4725 οἵτε
740 4666 801 4724 τῶν
832 4660 971 4733 δικάζειν
999 4661 1160 4739 λαχόντων
1188 4661 1270 4742 πλήν
1296 4658 1410 4734 όλίγων
1438 4660 1640 4732 παντάπασι,
1675 4656 1828 4719 κάκείνων
1861 4663 1925 4720 ταῖν

349 4768 476 4830 πλεῖστα
499 4779 567 4840 ταῖς
588 4773 649 4830 τόν
671 4766 780 4844 νόμων
800 4766 921 4844 βίβλοις
942 4764 1192 4846 ἐνιδρωσάντων,
1215 4763 1252 4828 οὐ
1271 4765 1308 4825 τά
1332 4763 1410 4828 αὐτὰ
1435 4769 1504 4846 περὶ
1527 4767 1588 4825 τῶν
1603 4762 1706 4829 αὐτῶν
1729 4764 1923 4846 ῆφρονούν-

348 4893 408 4933 των
438 4875 457 4954 ῆ
483 4875 723 4955 φθεγγομένων,
755 4868 826 4932 ἀλλ’
849 4871 883 4931 ἐκ
913 4869 1082 4953 διαφόρων
1110 4869 1285 4951 μαθήσεων
1314 4867 1494 4950 διαφόρους
1521 4876 1574 4929 καὶ
1596 4869 1694 4942 δόξας
1714 4867 1924 4948 ἐπαγομένων
