4560 6172
185 556 268 625 182
1697 549 1756 614 145

184 724 270 806 ἅμα,
301 724 354 786 τόν
384 726 528 804 ποταμόν
558 720 672 801 άθρόσι
706 719 907 794 πεζιύσαντες
941 719 1161 802 ήπειρωθέντα
1191 720 1391 804 κρυστάλλῳ,
1428 724 1481 781 καὶ
1512 721 1566 802 τήν
1597 717 1756 799 οἷπόβασιν

183 829 357 911 κλέψαντες
379 825 489 912 (ὅσπερ
513 829 609 906 νόμος
621 826 764 909 ἐκείνων)
786 825 840 905 τήν
856 828 1106 902 παραποταμίαν
1127 821 1296 887 ἐκάκωσαν
1310 825 1345 885 ἐκ
1358 826 1474 907 μέρους
1487 823 1755 905 καταδραμόντες·

186 933 203 1017 ή
225 933 369 1015 βασιλική
395 933 430 995 δὲ
452 936 505 993 καί
530 935 587 992 νῦν
608 927 665 992 τύκ
687 927 885 1003 άπενύσταξε
907 928 1054 1008 πρόνοια,
1078 927 1148 991 ἀλλ’
1165 928 1200 991 ἐν
1219 926 1330 1002 όπλσις
1350 925 1388 1011 ήν
1410 935 1604 1010 παραχρῆμα
1626 931 1663 990 τό
1679 929 1760 991 ‘Pm-

184 1041 289 1120 μαίων
311 1038 533 1117 στρατεύματα,
566 1038 641 1106 τέως
661 1036 721 1111 μὲν
741 1032 855 1114 τόλμης
878 1036 1013 1109 γέμοντα
1047 1038 1100 1094 καί
1127 1036 1179 1113 τῆς
1209 1035 1287 1114 πρὸς
1308 1035 1378 1104 τούς
1399 1033 1581 1112 βαρβάρους
1603 1053 1757 1112 περιφρο-

186 1140 313 1224 νήσεως.
359 1140 460 1202 11ἐπεί
482 1138 518 1201 δὲ
540 1136 726 1219 προσῆλθον
747 1135 898 1214 ἐγγυτέρω
921 1139 982 1196 τῶν
1006 1136 1173 1212 πολεμίων,
1204 1142 1257 1196 καὶ
1284 1138 1339 1209 τάς
1367 1137 1460 1217 ὄφεις
1486 1135 1647 1215 ἐπέβαλον
1667 1136 1757 1209 ἐξαί-

187 1265 268 1328 φνης
296 1248 337 1328 τῶ
368 1241 584 1325 στρατοπέδω,
618 1241 766 1317 θάμβους
796 1238 864 1315 ἅμα
894 1244 948 1298 καῖ
976 1239 1067 1311 δέους
1097 1240 1178 1320 πρὸς
1199 1242 1253 1322 τήν
1275 1243 1361 1302 θέαν
1382 1238 1605 1321 ἐπλήσθησαν·
1639 1238 1677 1302 οῦ
1695 1242 1756 1321 γάρ

186 1346 316 1429 ἐφικτόν
344 1345 531 1428 ὀφθαλμοῖς
552 1342 621 1405 οῦδ
643 1340 776 1426 α’ριθμῷ
799 1344 831 1404 τό
867 1341 993 1423 πλῆθος
1023 1342 1230 1424 περιληπτόν,
1265 1342 1349 1405 ἄλλοί
1381 1344 1487 1416 πάσας
1514 1342 1670 1405 ἐκάλυπτε
1703 1347 1757 1416 τοὶς

188 1451 293 1531 ὄχθας
319 1449 337 1532 ή
365 1452 511 1530 στρατιά,
547 1447 628 1525 πρός
655 1469 685 1507 τε
715 1449 813 1528 μήκος
844 1445 992 1525 άόριστσν
1021 1452 1074 1507 καὶ
1100 1447 1221 1518 πλάτος
1249 1447 1430 1530 ἐκτεταμένη
1459 1453 1511 1508 καὶ
1540 1444 1583 1519 ῶς
1612 1447 1692 1530 ἄλλη
1714 1472 1758 1522 τις

188 1556 311 1636 ἅμμος*
332 1554 538 1635 ἐπικεχυμένη
562 1555 604 1635 τῷ
626 1556 773 1633 ποταμῷ·
802 1547 840 1630 ήν
861 1547 919 1610 οῦν
948 1546 965 1611 ὁ
996 1550 1139 1623 κίνδυνος
1161 1550 1263 1624 δεινός
1285 1562 1348 1622 τοῖς
1370 1551 1613 1637 στρατεύμαήσιν,
1681 1554 1758 1617 197²

188 1658 244 1737 οῦχ
265 1658 312 1721 ὅτι
333 1659 434 1738 μόνον
455 1655 556 1731 όλίγσι
577 1653 814 1735 συρρήγνυσθαι
846 1653 1119 1715 πολλαπλασίοσιν
1140 1655 1280 1732 ἔμελλον,
1313 1653 1384 1718 ἀλλ’
1413 1654 1460 1718 ότι
1486 1661 1539 1716 καί
1571 1660 1650 1737 πρὸς
1679 1657 1758 1721 οῦτω

191 1765 473 1840 θυμομαχσῦντας,
507 1765 541 1823 σί
568 1757 622 1840 τήν
643 1757 752 1819 οἴκαδε
773 1761 832 1836 μὲν
861 1755 1063 1840 ὑποστροφήν
1091 1756 1338 1833 άπεγναίκεισαν,
1367 1760 1402 1821 ἐν
1429 1770 1498 1834 ταῖς
1526 1765 1610 1841 χερσὶ
1639 1761 1674 1823 δέ
1703 1765 1759 1836 τάς

190 1868 297 1938 πάσας
318 1865 402 1944 είχον
424 1864 574 1937 ἐλπίδας,
596 1861 672 1925 ῶστε
695 1864 716 1942 η’
735 1861 863 1942 πσλέμηι
886 1861 1091 1942 κρατήσαντες
1112 1867 1166 1943 τήν
1187 1861 1296 1940 χῶραν
1317 1863 1441 1945 οίκήσαι
1464 1865 1483 1946 ή
1504 1866 1604 1926 κακόν
1625 1888 1652 1928 τι
1675 1865 1759 1945 δρά-

190 1987 297 2042 σαντες
318 1970 400 2046 μέγα
421 1967 494 2050 μηδ’
516 1965 710 2027 άντιπαθεῖν
733 1964 1004 2046 παραιτήσασθαι.
1033 1967 1077 2035 τίς
1107 1968 1168 2045 γὰρ
1197 1969 1299 2046 φόβος
1330 1970 1477 2030 θανάτου
1498 1980 1566 2041 ταῖς
1586 1970 1760 2050 βαρβάρων

190 2072 362 2154 κίμότησινγ
392 2069 438 2143 σίς
465 2072 544 2131 καθ’
567 2069 648 2148 άπερ
671 2067 751 2129 ἄλλο
773 2090 799 2128 τι
821 2070 884 2128 τῶν
907 2071 1081 2147 προχείρων
1104 2072 1157 2128 καὶ
1179 2067 1303 2148 ῥᾴστων
1335 2076 1388 2131 καὶ
1417 2069 1434 2150 ή
1462 2073 1568 2154 σφαγή
1591 2078 1760 2154 παραπαί-

191 2178 281 2250 ξεται.
328 2171 390 2237 ιὀἱ
411 2178 471 2255 μὲν
492 2169 550 2234 σύν
574 2170 652 2252 ήσαν
673 2169 709 2231 ἐν
730 2170 856 2244 τούτοις,
880 2173 933 2231 καὶ
954 2171 1100 2247 βασιλεὺς
1123 2173 1352 2251 παρεσκεύαζεν
1381 2172 1490 2254 ἑτέραν
1518 2177 1688 2256 βοήθειαν,
1717 2177 1760 2252 ῶς

184 2281 425 2358 ἐλαττουμένων
446 2276 528 2360 αὐτῷ
551 2273 629 2336 κατὰ
646 2276 700 2346 τὰς
714 2273 899 2350 συμπλοκάς
914 2277 975 2336 τῶν
991 2278 1166 2354 προτέρων·
1182 2275 1241 2359 ήδη
1255 2280 1318 2356 γάρ
1334 2297 1412 2349 τινες
1427 2277 1556 2350 ἐκείνοις
1571 2282 1760 2364 συνέστησαν

192 2387 272 2465 πρός
293 2384 348 2455 τάς
377 2381 533 2459 ἐκδρομὰς
561 2382 622 2440 τῶν
652 2377 825 2457 βαρβάρων
855 2375 1080 2458 ἀκροβολισμοὶ
1108 2382 1161 2439 καί
1192 2379 1388 2460 ἁψιμαχίαι,
1420 2378 1457 2441 ἐν
1484 2378 1534 2454 αίς
1566 2380 1760 2465 ὑστεροῦντες

192 2486 395 2567 δθυμότερσν
416 2485 511 2565 είχον.
534 2480 618 2544 α’λλά
642 2488 685 2553 τίς
709 2481 725 2540 ό
748 2480 857 2552 διδούς
878 2481 913 2541 ἐν
934 2492 997 2552 τοῖς
1019 2479 1154 2561 άπόροις
1174 2482 1275 2563 πόρον
1294 2481 1438 2561 έτοίμωςς
1460 2486 1504 2558 τίς
1527 2481 1645 2551 δλύων
1662 2488 1759 2551 κλαο.

187 2593 281 2673 ’θμόν
301 2588 466 2669 ἑσπερινόν
487 2587 520 2649 τό
543 2587 659 2664 πρωί*,·
680 2580 769 2658 οὗτος
788 2586 831 2647 έτι
852 2586 1015 2650 καλοῦντι*
1036 2592 1078 2670 τῷ
1094 2585 1220 2664 βασιλεῖ
1234 2590 1340 2669 παρήν
1360 2590 1496 2670 βοηθός,
1519 2594 1572 2650 καί
1594 2588 1611 2652 ό
1634 2598 1761 2674 στρατός

192 2693 292 2777 δρμής
313 2693 434 2776 πλήρης
455 2694 533 2753 κατά
555 2692 617 2751 τῶν
637 2687 797 2767 πολεμίων
819 2688 944 2768 ἐχῶρει,
979 2693 1031 2749 καὶ
1052 2691 1090 2751 τά
1111 2692 1162 2770 τής
1185 2693 1277 2763 θείας
1299 2689 1410 2754 αὐτίκα
1432 2693 1619 2780 συμήμαχίας
1686 2699 1761 2763 198ι

193 2794 455 2883 ἐφανεροῦτοή...].
477 2794 615 2875 συμβολή
637 2797 698 2871 γὰρ
720 2789 817 2865 αὖθις
827 2791 948 2873 μεγάλη
965 2797 1017 2853 καὶ
1030 2797 1100 2873 περὶ
1111 2792 1375 2870 τῶνόλωνάγοίν,
1399 2800 1452 2857 καί
1466 2800 1539 2877 νικᾷ
1555 2801 1633 2860 κατὰ
1648 2801 1762 2881 κράτος

194 2900 365 2983 όσταυρός
387 2903 441 2962 τοῦ
462 2901 608 2978 Χριστοῦ,
637 2899 831 2975 θαυμαστῶς
861 2893 1071 2975 ῦπεράνωθεν
1093 2896 1286 2969 ἐντυπωθείς
1307 2903 1349 2981 τῷ
1378 2895 1467 2978 α’έρι,
1500 2900 1604 2983 ῶσπερ
1627 2904 1687 2987 ήδη
1709 2910 1763 2967 καί

194 3002 347 3084 πρότερον
368 3003 418 3066 ἐπ’
440 3003 561 3064 ἐκείνου
582 3008 635 3065 τοῦ
657 3002 782 3079 πρῶτου
811 3005 998 3080 χριστιανῶν
1024 3000 1181 3079 βασιλέως
1210 3005 1264 3062 καὶ
1284 3005 1327 3084 τῷ
1357 3005 1414 3067 νῦν
1446 3004 1570 3066 θεόθεν
1601 3011 1762 3088 κρατοῦντι

195 3112 248 3170 καί
270 3108 379 3190 κλῆσιν
400 3111 453 3169 καὶ
474 3108 507 3168 τό
530 3108 624 3182 σέβας
644 3102 876 3185 παραπλησίου.
923 3102 1072 3178 ηγίνεται
1102 3102 1140 3186 δή
1164 3105 1264 3186 φόνος
1285 3109 1347 3168 τῶν
1366 3107 1540 3189 βαρβάρων
1562 3110 1679 3185 πολύς,
1709 3118 1763 3174 καὶ

195 3211 304 3296 πσλληῦ
327 3210 444 3273 πλείων
466 3214 578 3292 φόβος,
603 3209 714 3291 φόβος,
736 3208 824 3284 άγων
845 3207 889 3280 είς
904 3210 1055 3290 αἴσθησιν
1070 3210 1138 3281 τοῦς
1158 3213 1232 3288 πρίν
1248 3207 1463 3293 ἀναισθήτους
1484 3216 1537 3274 καί
1551 3217 1584 3276 τό
1599 3218 1762 3298 συμφέρον

195 3315 356 3380 διδάσκων
376 3317 453 3394 μετά
476 3320 624 3396 συνεργοῦ
646 3317 696 3394 τῆς
719 3311 872 3393 ἀνάγκης·
902 3310 1011 3375 αὐτίκα
1039 3317 1099 3392 γάρ
1122 3311 1165 3384 ῶς
1193 3313 1256 3376 ὑπό
1282 3319 1365 3388 τινός
1392 3320 1566 3399 πρηστήρος
1592 3318 1764 3401 βληθέντες

194 3421 264 3494 τούς
290 3421 413 3497 θυμοὺς
434 3418 640 3499 ἐξελύθησαν,
672 3421 723 3476 καί
746 3420 807 3477 τῶν
828 3420 940 3496 χειρῶν
963 3414 1201 3495 σῖπσρρίψαντες
1228 3421 1264 3478 τά
1295 3418 1381 3481 όπλα
1409 3419 1548 3501 μακράν,
1576 3421 1622 3494 τίς
1643 3420 1762 3486 ἱκεσίαν

194 3524 308 3596 ταύτας
329 3523 491 3598 ἐξέτειναν,
522 3526 575 3582 καί
597 3525 652 3602 τήν
674 3517 905 3597 εύσπλαγχνίαν
926 3522 979 3582 τοῦ
1001 3520 1134 3599 κράτους
1164 3523 1376 3602 βαρβαρικαῖς
1403 3527 1457 3583 καί
1486 3522 1620 3606 ἀσήμοις
1652 3526 1761 3603 ἐξεκα-
1840 3534 1852 3561 ⁶

194 3628 307 3691 λσῦντο
330 3636 473 3708 φωναῖς·
495 3623 513 3708 ή
536 3624 572 3686 δὲ
594 3626 738 3688 τοσοῦτον
759 3622 887 3700 ἐτάχυνε
909 3627 962 3682 καὶ
984 3621 1080 3694 οὕτως
1093 3619 1210 3705 Ιαύτοῖς
1231 3623 1310 3706 ὑπὲρ
1333 3625 1450 3689 ἐλπίδα
1472 3632 1581 3690 πάσαν
1597 3628 1762 3712 ἐχρήσατο,

195 3730 271 3795 ὥστε
290 3734 367 3811 μεθ’
390 3731 480 3814 ήμῶν
502 3735 559 3794 νῦν
580 3727 746 3810 ἑστήκασιν
767 3727 811 3797 είς
834 3731 948 3814 θαῦμα
977 3736 1041 3797 τοῖς
1071 3730 1262 3806 θεωμένοις,
1294 3730 1329 3806 ἐξ
1356 3729 1476 3812 α’γρίων
1505 3729 1610 3813 ῶσπερ
1640 3737 1763 3818 θηρίων

126 3918 138 3927 .,
192 3836 237 3910 τίς
258 3834 392 3919 ήμέρσυς
413 3833 612 3914 α’νθρῶπους
631 3831 923 3912 μεταπλασθέντες,
951 3830 985 3892 ἐκ
1018 3837 1069 3912 τῆς
1098 3836 1173 3912 πρὶν
1203 3831 1366 3916 οἷμσρφίας
1396 3841 1450 3897 καί
1479 3834 1622 3921 σίτοπίήας
1687 3840 1763 3905 198²

192 3943 311 4024 ἐκείνης
331 3941 377 4015 είς
397 3943 452 4023 τήν
474 3944 529 4005 νῦν
551 3935 716 4019 ἱλαρότητα
740 3942 792 3997 καί
813 3942 906 4017 χάριν
927 3935 1171 4014 μεταβαλόντες,
1203 3941 1235 3999 τό
1260 3939 1295 4001 δὲ
1318 3940 1448 4002 πάντων
1469 3940 1689 4022 λαμπρότερον
1710 3950 1764 4006 καὶ

194 4045 300 4126 μεῖζον
320 4045 365 4118 είς
387 4043 547 4124 ἔκπληξιν,
569 4043 604 4117 ἐξ
626 4039 750 4119 α’σεβῶν
772 4045 824 4100 καὶ
846 4039 987 4101 α’πίστων
1008 4039 1142 4116 εὐσεβεῖς
1163 4046 1217 4103 καὶ
1239 4046 1357 4118 πιστοί,
1387 4044 1458 4124 όρτι
1478 4049 1538 4124 μέν
1558 4050 1613 4108 τοῦ
1635 4046 1764 4130 λουτροῦ

191 4153 243 4234 τής
265 4148 457 4230 α’φθαρσίας
478 4146 616 4226 τυχόντες
638 4144 694 4206 διά
708 4167 739 4206 τε
752 4149 807 4224 τήν
819 4148 873 4206 τοῦ
893 4142 1025 4226 κράτους
1051 4143 1225 4224 φιλοθείαν
1246 4154 1300 4208 καί
1314 4148 1368 4230 τήν
1386 4152 1481 4210 θείαν
1497 4149 1762 4231 φιλανθρωπίαν,

193 4252 247 4317 ἐπ’
267 4251 388 4315 ἐκείνου
411 4251 446 4314 δὲ
468 4252 510 4334 τῷ
533 4255 613 4332 φωτὶ
634 4251 860 4331 σημειωθέντες
881 4253 933 4331 τής
952 4253 1079 4329 χάριτος
1109 4253 1163 4309 καὶ
1188 4254 1242 4331 τήν
1269 4252 1440 4335 μόρφωσιν
1461 4253 1572 4337 ταύτην
1594 4260 1648 4315 καὶ
1668 4279 1764 4335 μετα-

194 4361 318 4441 ποίησον
349 4356 439 4437 παρὰ
469 4358 522 4420 τοῦ
549 4357 738 4418 καινοποισῦ
766 4352 932 4432 δεξάμενοι
963 4353 1146 4432 πνεύματος.
1202 4352 1336 4427 14οὕτως
1370 4356 1438 4419 οίδε
1475 4357 1551 4430 θεός
1586 4357 1764 4438 οίκσνσμεῖν

194 4460 382 4542 ἀνθρώποις
402 4464 457 4544 τήν
479 4461 642 4542 σωτηρίαν,
672 4456 767 4529 οὕτως
783 4455 800 4519 ὁ
814 4461 938 4536 κρατῶν
952 4459 1025 4529 τούς
1040 4457 1175 4537 ἐχθρούς
1190 4458 1400 4542 ἐπικρατήσας
1413 4459 1607 4539 σῖμύνεσθαι,
1629 4464 1765 4538 άκσντας

194 4565 310 4652 σφ’ζων,
345 4563 537 4641 άγνυσῦντας
559 4560 710 4636 δοξάζων,
738 4561 815 4641 μετά
839 4560 967 4638 δωρεῶν
989 4568 1041 4622 καὶ
1063 4569 1161 4642 τιμῶν
1185 4566 1383 4639 θεογνωσίαν
1405 4564 1586 4627 διδάσκων·
1619 4572 1672 4627 καί
1694 4567 1765 4632 ίδσῦ

194 4671 291 4743 όθνσς
312 4668 405 4746 άγιον
425 4671 459 4732 τό
484 4670 608 4744 ἄνομον
629 4666 735 4739 ἔθνος,
758 4671 811 4725 καί
833 4665 910 4737 λαός
934 4669 1012 4728 θεοῦ
1035 4670 1105 4738 νέος
1127 4665 1302 4739 όπαλαιός
1323 4668 1380 4750 τήν
1404 4667 1566 4747 άσέβειαν,
1594 4676 1648 4732 καί
1663 4670 1765 4734 πάλιν

192 4774 339 4857 ήκλήσις
361 4779 423 4837 τῶν
444 4775 554 4836 ἐθνῶν
578 4770 717 4850 ἐνεργός,
751 4776 803 4830 καὶ
826 4769 925 4831 πάλιν
955 4767 971 4850 ή
1003 4772 1102 4843 πίστις
1135 4772 1324 4856 προσθήκην
1353 4775 1542 4858 θαυμαστήν
1571 4771 1682 4852 ἔλαβε,
1712 4781 1766 4837 καί

266 4915 293 4948 ιτ
313 4892 404 4968 ἅμμος
422 4897 510 4952 codex
527 4897 531 4958 Ι
549 4913 577 4946 ττ
595 4892 685 4947 Ρεείιυ
705 4897 742 4945 κθ
759 4898 774 4945 6
790 4898 793 4956 ί
812 4913 838 4961 13
858 4893 944 4947 Isaiae
962 4897 1000 4961 65,
1020 4912 1050 4957 ²4

1406 5007 1449 5068 19
